label,total_packets,num_incoming,num_outgoing,fraction_incoming,fraction_outgoing,incoming_mean_size,incoming_std_size,outgoing_mean_size,outgoing_std_size,incoming_iats,incoming_max_iat,incoming_mean_iat,incoming_std_iat,incoming_q3_iat,outgoing_iats,outgoing_max_iat,outgoing_mean_iat,outgoing_std_iat,outgoing_q3_iat,chunk_std,chunk_mean,chunk_median,chunk_max,first_10_incoming,first_10_outgoing,last_10_incoming,last_10_outgoing,packet_1_length_direction,packet_2_length_direction,packet_3_length_direction,packet_4_length_direction,packet_5_length_direction,packet_6_length_direction,packet_7_length_direction,packet_8_length_direction,packet_9_length_direction,packet_10_length_direction,incoming_q1_time,incoming_q2_time,incoming_q3_time,incoming_total_time,outgoing_q1_time,outgoing_q2_time,outgoing_q3_time,outgoing_total_time,max_burst,mean_burst,num_bursts
B,100,100,0,1.0,0.0,1266.52,160.17624542983899,0.0,0.0,"[0.0, 0.0, 0.0, 0.0, 0.0, 0.0, 0.0, 0.0, 0.0, 0.0, 0.0, 0.0, 0.0, 0.0, 0.0, 0.0, 0.0, 0.0, 0.0, 0.0, 0.0, 0.0, 0.0, 0.0, 0.0, 0.0, 0.0, 0.0, 0.0, 0.0, 0.0, 0.0, 0.0, 0.0, 0.0, 0.0, 0.0, 0.0, 0.0, 0.0, 0.0, 0.0, 0.0, 0.0, 0.0, 0.0, 0.0, 0.0, 0.0, 0.0, 0.0, 0.0, 0.0, 0.0, 0.0, 0.0, 0.0, 0.0, 0.0, 0.0, 0.0, 0.0, 0.0, 0.0, 0.0, 0.0, 0.0, 0.0, 0.0, 0.0, 0.0, 0.0, 0.0, 0.0, 0.0, 0.0, 0.0, 0.0, 0.0, 0.0, 0.0, 0.0, 0.0, 0.0, 0.0, 0.0, 0.0, 0.0, 0.0, 0.0, 0.0, 0.0, 0.0, 0.0, 0.0, 0.0, 0.0, 0.0, 0.0]",0.0,0.0,0.0,0.0,[],0.0,0.0,0.0,0.0,1.2472191289246473,6.666666666666667,7.0,7,10,0,10,0,-209,-121,-1292,-1292,-1292,-1292,-1292,-1292,-1292,-1292,1661776592.0,1661776592.0,1661776592.0,0.0,0.0,0.0,0.0,0.0,100,100.0,1
B,100,100,0,1.0,0.0,1368.03,168.25614134408283,0.0,0.0,"[0.0, 0.0, 0.0, 0.0, 0.0, 0.0, 0.0, 0.0, 0.0, 0.0, 0.0, 0.0, 0.0, 0.0, 0.0, 0.0, 0.0, 0.0, 0.0, 0.0, 0.0, 0.0, 0.0, 0.0, 0.0, 0.0, 0.0, 0.0, 0.0, 0.0, 0.0, 0.0, 0.0, 0.0, 0.0, 0.0, 0.0, 0.0, 0.0, 0.0, 0.0, 0.0, 0.0, 0.0, 0.0, 0.0, 0.0, 0.0, 0.0, 0.0, 0.0, 0.0, 0.0, 0.0, 0.0, 0.0, 0.0, 0.0, 0.0, 0.0, 0.0, 0.0, 0.0, 0.0, 0.0, 0.0, 0.0, 0.0, 0.0, 0.0, 0.0, 0.0, 0.0, 0.0, 0.0, 0.0, 0.0, 0.0, 0.0, 0.0, 0.0, 0.0, 0.0, 0.0, 0.0, 0.0, 0.0, 0.0, 0.0, 0.0, 0.0, 0.0, 0.0, 0.0, 0.0, 0.0, 0.0, 0.0, 0.0]",0.0,0.0,0.0,0.0,[],0.0,0.0,0.0,0.0,1.2472191289246473,6.666666666666667,7.0,7,10,0,10,0,-282,-105,-1392,-1392,-1392,-1392,-1392,-1392,-1392,-1392,1661776592.0,1661776592.0,1661776592.0,0.0,0.0,0.0,0.0,0.0,100,100.0,1
B,100,57,43,0.57,0.43,81.9298245614035,22.637385356058573,362.8837209302326,396.2772819044722,"[0.0, 0.0, 0.0, 2.0, 0.0, 0.0, 0.0, 0.0, 0.0, 0.0, 0.0, 2.0, 0.0, 0.0, 0.0, 0.0, 4.0, 0.0, 0.0, 0.0, 22.0, 0.0, 0.0, 0.0, 0.0, 0.0, 0.0, 0.0, 1.0, 0.0, 0.0, 0.0, 0.0, 1.0, 0.0, 0.0, 0.0, 0.0, 0.0, 0.0, 0.0, 2.0, 0.0, 0.0, 0.0, 4.0, 0.0, 0.0, 0.0, 6.0, 0.0, 0.0, 0.0, 15.0, 0.0, 0.0]",22.0,1.0535714285714286,3.6076290337142427,0.0,"[0.0, 0.0, 2.0, 0.0, 0.0, 0.0, 0.0, 2.0, 0.0, 0.0, 0.0, 4.0, 0.0, 0.0, 22.0, 0.0, 0.0, 0.0, 0.0, 0.0, 1.0, 0.0, 0.0, 0.0, 1.0, 0.0, 0.0, 0.0, 0.0, 2.0, 0.0, 0.0, 4.0, 0.0, 0.0, 6.0, 0.0, 0.0, 0.0, 15.0, 0.0, 0.0]",22.0,1.4047619047619047,4.106090272298338,0.0,0.9797958971132712,3.8,4.0,5,5,5,5,5,521,-74,-99,-68,81,75,-68,524,521,-74,1661776596.0,1661776622.0,1661776626.0,59.0,1661776596.0,1661776623.0,1661776626.0,59.0,7,2.4782608695652173,23
B,100,26,27,0.26,0.27,66.84615384615384,6.660401395228528,177.33333333333334,75.89612784735611,"[0.0, 0.0, 0.0, 25.0, 0.0, 25.0, 0.0, 0.0, 25.0, 0.0, 0.0, 26.0, 0.0, 25.0, 0.0, 0.0, 25.0, 0.0, 0.0, 25.0, 0.0, 0.0, 25.0, 0.0, 0.0]",26.0,8.04,11.721706360423811,25.0,"[0.0, 0.0, 0.0, 25.0, 0.0, 25.0, 0.0, 0.0, 25.0, 0.0, 0.0, 25.0, 0.0, 1.0, 25.0, 0.0, 0.0, 25.0, 0.0, 0.0, 25.0, 0.0, 0.0, 25.0, 0.0, 0.0]",25.0,7.730769230769231,11.514397984555925,25.0,1.6918103387266026,1.7333333333333334,2.0,4,5,5,0,0,231,231,-62,-76,-62,231,-62,70,231,-62,1661776642.0,1661776693.0,1661776743.0,201.0,1661776642.0,1661776692.0,1661776743.0,201.0,3,2.0,13
B,100,26,27,0.26,0.27,397.34615384615387,445.28408756551505,199.03703703703704,314.5817307074977,"[0.0, 0.0, 0.0, 0.0, 0.0, 55.0, 0.0, 0.0, 0.0, 0.0, 20.0, 0.0, 0.0, 0.0, 0.0, 0.0, 56.0, 0.0, 0.0, 20.0, 0.0, 0.0, 0.0, 0.0, 0.0]",56.0,6.04,15.55501205399726,0.0,"[0.0, 0.0, 0.0, 0.0, 0.0, 55.0, 0.0, 0.0, 0.0, 0.0, 20.0, 0.0, 0.0, 0.0, 0.0, 0.0, 56.0, 0.0, 0.0, 0.0, 20.0, 0.0, 0.0, 0.0, 0.0, 0.0]",56.0,5.8076923076923075,15.297106892806262,0.0,2.0154955277107964,1.7333333333333334,1.0,5,5,5,0,0,158,158,-62,-783,-60,-760,-60,70,70,81,1661776649.0,1661776669.0,1661776725.0,151.0,1661776649.0,1661776669.0,1661776725.0,151.0,5,2.6,10
B,100,18,18,0.18,0.18,69.55555555555556,6.792334095812411,150.5,79.5,"[0.0, 25.0, 0.0, 25.0, 0.0, 25.0, 0.0, 25.0, 0.0, 25.0, 0.0, 26.0, 0.0, 25.0, 0.0, 25.0, 0.0]",26.0,11.823529411764707,12.542798703158656,25.0,"[0.0, 25.0, 0.0, 25.0, 0.0, 25.0, 0.0, 25.0, 0.0, 25.0, 0.0, 26.0, 0.0, 25.0, 0.0, 25.0, 0.0]",26.0,11.823529411764707,12.542798703158656,25.0,1.7204650534085248,1.2,0.0,4,5,5,0,0,230,-62,-76,71,230,-62,-76,71,230,-63,1661776644.0,1661776694.0,1661776745.0,201.0,1661776644.0,1661776694.0,1661776745.0,201.0,2,2.0,9
B,100,16,16,0.16,0.16,96.5,1.9364916731037085,100.5,1.9364916731037085,"[21.0, 0.0, 21.0, 10.0, 11.0, 20.0, 1.0, 21.0, 9.0, 13.0, 18.0, 4.0, 21.0, 6.0, 15.0]",21.0,12.733333333333333,7.325450308494504,20.5,"[21.0, 0.0, 21.0, 10.0, 11.0, 20.0, 1.0, 21.0, 9.0, 13.0, 18.0, 4.0, 21.0, 6.0, 15.0]",21.0,12.733333333333333,7.325450308494504,20.5,1.569146972791976,1.0666666666666667,0.0,4,5,5,0,0,102,-98,-94,98,102,-98,102,-98,-94,98,1661776647.5,1661776692.5,1661776744.0,191.0,1661776647.5,1661776692.5,1661776744.0,191.0,2,1.6,10
B,100,16,16,0.16,0.16,69.375,6.89089072616886,150.25,79.62607927055055,"[0.0, 25.0, 0.0, 25.0, 0.0, 25.0, 0.0, 25.0, 0.0, 26.0, 0.0, 25.0, 0.0, 25.0, 0.0]",26.0,11.733333333333333,12.545738541654515,25.0,"[0.0, 25.0, 0.0, 25.0, 0.0, 25.0, 0.0, 25.0, 0.0, 26.0, 0.0, 25.0, 0.0, 25.0, 0.0]",26.0,11.733333333333333,12.545738541654515,25.0,1.569146972791976,1.0666666666666667,0.0,4,5,5,0,0,230,-62,-76,70,230,-62,-76,70,230,-62,1661776642.75,1661776686.5,1661776731.25,176.0,1661776642.75,1661776686.5,1661776731.25,176.0,2,2.0,8
B,100,20,20,0.2,0.2,108.2,11.556816170554933,193.4,287.5671052119835,"[7.0, 19.0, 0.0, 5.0, 5.0, 0.0, 19.0, 6.0, 25.0, 5.0, 26.0, 5.0, 25.0, 5.0, 21.0, 0.0, 9.0, 1.0, 0.0]",26.0,9.631578947368421,9.229304166710621,19.0,"[7.0, 19.0, 0.0, 5.0, 5.0, 0.0, 19.0, 6.0, 25.0, 5.0, 26.0, 5.0, 25.0, 5.0, 21.0, 0.0, 9.0, 1.0, 1.0]",26.0,9.68421052631579,9.17693121266551,19.0,1.6599866130651644,1.3333333333333333,0.0,4,5,5,0,0,118,-114,-94,98,-122,1054,-118,66,118,-114,1661776638.75,1661776692.5,1661776761.25,183.0,1661776638.75,1661776692.5,1661776761.25,184.0,2,1.5384615384615385,13
B,100,40,50,0.4,0.5,512.025,502.866358364725,801.6,563.817381782435,"[0.0, 0.0, 0.0, 0.0, 0.0, 0.0, 0.0, 30.0, 0.0, 0.0, 0.0, 0.0, 0.0, 0.0, 0.0, 30.0, 0.0, 0.0, 0.0, 0.0, 0.0, 0.0, 0.0, 30.0, 1.0, 0.0, 0.0, 0.0, 0.0, 0.0, 0.0, 30.0, 0.0, 0.0, 0.0, 0.0, 0.0, 0.0, 0.0]",30.0,3.1025641025641026,9.094362502276557,0.0,"[0.0, 0.0, 0.0, 0.0, 0.0, 0.0, 0.0, 0.0, 0.0, 30.0, 0.0, 0.0, 0.0, 0.0, 0.0, 0.0, 0.0, 0.0, 0.0, 30.0, 0.0, 0.0, 0.0, 0.0, 0.0, 0.0, 0.0, 0.0, 0.0, 30.0, 0.0, 0.0, 0.0, 0.0, 0.0, 0.0, 0.0, 1.0, 0.0, 30.0, 0.0, 0.0, 0.0, 0.0, 0.0, 0.0, 0.0, 0.0, 0.0]",30.0,2.4693877551020407,8.209258190197177,0.0,2.211083193570267,2.6666666666666665,3.0,7,2,8,0,0,1392,-1392,75,873,333,1392,1204,1392,1205,-67,1661776635.0,1661776665.0,1661776696.0,121.0,1661776635.0,1661776665.0,1661776695.0,121.0,7,4.0,10
B,100,4,10,0.04,0.1,60.0,0.0,70.0,4.898979485566356,"[60.0, 60.0, 60.0]",60.0,60.0,0.0,60.0,"[60.0, 60.0, 29.0, 0.0, 9.0, 0.0, 0.0, 0.0, 22.0]",60.0,20.0,23.584363935078304,29.0,0.7717224601860151,0.26666666666666666,0.0,3,3,7,0,0,64,-60,64,-60,64,-60,74,74,74,74,1661776652.0,1661776697.0,1661776742.0,180.0,1661776734.25,1661776760.5,1661776765.0,180.0,1,1.0,4
B,100,50,50,0.5,0.5,373.9,452.4789166359025,606.12,555.996461859246,"[0.0, 0.0, 0.0, 0.0, 0.0, 0.0, 0.0, 0.0, 0.0, 0.0, 3.0, 0.0, 0.0, 0.0, 27.0, 0.0, 0.0, 0.0, 0.0, 0.0, 0.0, 0.0, 0.0, 0.0, 0.0, 0.0, 30.0, 0.0, 0.0, 0.0, 0.0, 0.0, 0.0, 0.0, 0.0, 0.0, 0.0, 0.0, 30.0, 0.0, 0.0, 0.0, 0.0, 0.0, 0.0, 0.0, 0.0, 0.0, 0.0]",30.0,1.836734693877551,6.958615094374273,0.0,"[0.0, 0.0, 0.0, 0.0, 0.0, 0.0, 0.0, 0.0, 0.0, 0.0, 0.0, 3.0, 0.0, 0.0, 0.0, 27.0, 0.0, 0.0, 0.0, 0.0, 0.0, 0.0, 0.0, 0.0, 0.0, 0.0, 0.0, 30.0, 0.0, 0.0, 0.0, 0.0, 0.0, 0.0, 0.0, 0.0, 0.0, 0.0, 0.0, 30.0, 0.0, 0.0, 0.0, 0.0, 0.0, 0.0, 0.0, 0.0, 0.0]",30.0,1.836734693877551,6.958615094374273,0.0,1.577621275493231,3.3333333333333335,4.0,6,4,6,7,3,1292,115,-1292,-823,-139,-67,1292,115,75,744,1661776617.0,1661776644.0,1661776674.0,90.0,1661776617.0,1661776644.0,1661776674.0,90.0,7,3.5714285714285716,14
B,100,3,3,0.03,0.03,90.33333333333333,34.41253001774531,87.0,16.06237840420901,"[0.0, 0.0]",0.0,0.0,0.0,0.0,"[0.0, 0.0]",0.0,0.0,0.0,0.0,0.7483314773547879,0.2,0.0,3,3,3,0,0,-139,105,90,-66,-66,66,0,0,0,0,1661776615.0,1661776615.0,1661776615.0,0.0,1661776615.0,1661776615.0,1661776615.0,0.0,2,1.5,2
B,100,3,3,0.03,0.03,207.0,80.61017305526642,89.0,0.0,"[0.0, 147.0]",147.0,73.5,73.5,110.25,"[0.0, 147.0]",147.0,73.5,73.5,110.25,0.7483314773547879,0.2,0.0,3,3,3,0,0,89,-150,89,-150,89,-321,0,0,0,0,1661776630.0,1661776630.0,1661776703.5,147.0,1661776630.0,1661776630.0,1661776703.5,147.0,1,1.0,3
B,100,29,34,0.29,0.34,448.51724137931035,490.3072661301036,263.11764705882354,416.6136427622602,"[0.0, 0.0, 0.0, 0.0, 0.0, 0.0, 0.0, 0.0, 0.0, 76.0, 0.0, 0.0, 0.0, 0.0, 0.0, 0.0, 0.0, 0.0, 75.0, 0.0, 0.0, 0.0, 0.0, 0.0, 0.0, 0.0, 0.0, 0.0]",76.0,5.392857142857143,19.444682133305914,0.0,"[0.0, 0.0, 0.0, 0.0, 0.0, 0.0, 0.0, 0.0, 0.0, 0.0, 76.0, 0.0, 0.0, 0.0, 0.0, 0.0, 0.0, 0.0, 0.0, 0.0, 0.0, 0.0, 75.0, 0.0, 0.0, 0.0, 0.0, 0.0, 0.0, 0.0, 0.0, 0.0, 0.0]",76.0,4.575757575757576,18.01519611585579,0.0,2.015495527710797,1.9333333333333333,2.0,6,6,4,0,0,1392,270,163,170,-1392,-62,-1067,-788,-60,-761,1661776642.0,1661776718.0,1661776793.0,151.0,1661776642.0,1661776718.0,1661776793.0,151.0,8,4.833333333333333,6
B,100,9,0,0.09,0.0,74.0,0.0,0.0,0.0,"[1.0, 2.0, 62.0, 1.0, 2.0, 62.0, 1.0, 2.0]",62.0,16.625,26.20084683745928,17.0,[],0.0,0.0,0.0,0.0,1.781385228784985,0.6,0.0,7,9,0,0,0,-74,-74,-74,-74,-74,-74,-74,-74,-74,0,1661776649.0,1661776712.0,1661776776.0,133.0,0.0,0.0,0.0,0.0,9,9.0,1
B,100,27,30,0.27,0.3,247.11111111111111,379.06994696409004,107.7,61.65179099858603,"[0.0, 0.0, 0.0, 0.0, 0.0, 16.0, 5.0, 0.0, 0.0, 28.0, 0.0, 0.0, 0.0, 0.0, 0.0, 0.0, 15.0, 5.0, 0.0, 0.0, 17.0, 0.0, 0.0, 0.0, 0.0, 0.0]",28.0,3.3076923076923075,7.124007249430676,0.0,"[0.0, 0.0, 0.0, 0.0, 0.0, 1.0, 15.0, 5.0, 0.0, 0.0, 28.0, 0.0, 0.0, 0.0, 0.0, 0.0, 0.0, 0.0, 15.0, 5.0, 0.0, 0.0, 17.0, 0.0, 0.0, 0.0, 0.0, 0.0, 0.0]",28.0,2.9655172413793105,6.744002488140672,0.0,1.7204650534085255,1.8,3.0,4,4,6,0,0,78,-74,66,233,-66,-207,66,117,-66,225,1661776725.5,1661776756.0,1661776776.0,86.0,1661776724.25,1661776756.0,1661776776.0,86.0,4,1.588235294117647,17
B,100,8,11,0.08,0.11,479.5,543.2828453025182,836.9090909090909,604.0003694377941,"[0.0, 0.0, 0.0, 54.0, 0.0, 0.0, 0.0]",54.0,7.714285714285714,18.89606373004166,0.0,"[0.0, 0.0, 0.0, 0.0, 54.0, 0.0, 0.0, 0.0, 0.0, 0.0]",54.0,5.4,16.2,0.0,1.14697670227235,0.5333333333333333,0.0,4,4,6,0,0,1392,1392,1211,-1392,-67,-392,-67,75,75,1392,1661776708.0,1661776735.0,1661776762.0,54.0,1661776708.0,1661776762.0,1661776762.0,54.0,4,4.0,2
B,100,15,20,0.15,0.2,511.93333333333334,525.1562899641295,801.7,563.7343434633018,"[0.0, 0.0, 0.0, 0.0, 0.0, 0.0, 30.0, 0.0, 0.0, 1.0, 0.0, 0.0, 0.0, 0.0]",30.0,2.2142857142857144,7.710647290121176,0.0,"[0.0, 0.0, 0.0, 0.0, 0.0, 0.0, 0.0, 0.0, 0.0, 30.0, 0.0, 0.0, 0.0, 0.0, 0.0, 0.0, 0.0, 1.0, 0.0]",30.0,1.631578947368421,6.6902169449191335,0.0,1.7126976771553504,1.0,0.0,5,2,8,0,0,1392,-1392,75,873,334,1392,1204,1392,1205,-67,1661776756.0,1661776786.0,1661776787.0,31.0,1661776756.0,1661776771.0,1661776786.0,31.0,7,3.75,4
B,100,13,13,0.13,0.13,575.4615384615385,622.1202722433136,100.61538461538461,53.98794518086488,"[0.0, 0.0, 0.0, 0.0, 0.0, 0.0, 0.0, 0.0, 15.0, 5.0, 0.0, 0.0]",15.0,1.6666666666666667,4.249182927993988,0.0,"[0.0, 0.0, 0.0, 0.0, 0.0, 0.0, 0.0, 0.0, 15.0, 5.0, 0.0, 0.0]",15.0,1.6666666666666667,4.249182927993988,0.0,1.499629583893599,0.8666666666666667,0.0,4,6,4,0,0,74,-74,66,201,-66,-616,-1478,-1478,78,-1478,1661776765.0,1661776765.0,1661776780.0,20.0,1661776765.0,1661776765.0,1661776780.0,20.0,4,1.8571428571428572,7
B,100,22,23,0.22,0.23,417.59090909090907,466.23313121723567,650.1739130434783,558.2668562593802,"[0.0, 0.0, 0.0, 0.0, 0.0, 0.0, 0.0, 0.0, 0.0, 0.0, 30.0, 0.0, 0.0, 0.0, 0.0, 0.0, 0.0, 0.0, 0.0, 0.0, 0.0]",30.0,1.4285714285714286,6.388765649999399,0.0,"[0.0, 0.0, 0.0, 0.0, 0.0, 0.0, 0.0, 0.0, 0.0, 0.0, 0.0, 30.0, 0.0, 0.0, 0.0, 0.0, 0.0, 0.0, 0.0, 0.0, 0.0, 0.0]",30.0,1.3636363636363635,6.248966856757964,0.0,2.0612833111653743,1.4666666666666666,0.0,6,4,6,0,0,1292,120,-1292,-822,-140,-67,1292,115,75,744,1661776765.0,1661776780.0,1661776795.0,30.0,1661776765.0,1661776765.0,1661776795.0,30.0,6,3.142857142857143,7
B,100,5,5,0.05,0.05,97.2,58.48213402399061,85.0,34.140884581393024,"[0.0, 0.0, 0.0, 0.0]",0.0,0.0,0.0,0.0,"[0.0, 0.0, 0.0, 0.0]",0.0,0.0,0.0,0.0,1.0110500592068732,0.3333333333333333,0.0,4,5,5,0,0,74,-74,66,153,-66,-214,-66,66,66,-66,1661776777.0,1661776777.0,1661776777.0,0.0,1661776777.0,1661776777.0,1661776777.0,0.0,3,1.6666666666666667,3
B,100,30,70,0.3,0.7,239.0,362.85277087729855,101.0,51.649643893116185,"[0.0, 0.0, 0.0, 0.0, 0.0, 6.0, 0.0, 15.0, 5.0, 0.0, 0.0, 241.0, 0.0, 0.0, 0.0, 0.0, 0.0, 0.0, 15.0, 5.0, 0.0, 0.0, 14.0, 0.0, 0.0, 0.0, 0.0, 0.0, 15.0]",241.0,10.89655172413793,43.78422391651429,5.0,"[0.0, 0.0, 0.0, 0.0, 0.0, 0.0, 6.0, 0.0, 15.0, 5.0, 0.0, 0.0, 241.0, 0.0, 0.0, 0.0, 0.0, 0.0, 0.0, 0.0, 15.0, 5.0, 0.0, 0.0, 14.0, 0.0, 0.0, 0.0, 0.0, 0.0, 0.0, 15.0, 5.0, 0.0, 0.0, 1.0, 0.0, 1.0, 13.0, 1.0, 2.0, 4.0, 8.0, 2.0, 14.0, 0.0, 1.0, 1.0, 0.0, 1.0, 4.0, 3.0, 6.0, 1.0, 15.0, 0.0, 1.0, 2.0, 1.0, 3.0, 3.0, 5.0, 16.0, 0.0, 1.0, 2.0, 1.0, 3.0, 3.0]",241.0,6.3768115942028984,28.82536194540051,4.0,1.6733200530681511,2.0,3.0,4,4,6,0,10,74,-74,66,233,-66,-207,66,117,-66,225,1661776809.75,1661777067.0,1661777087.0,316.0,1661777067.0,1661777121.0,1661777176.25,440.0,4,1.6666666666666667,18
B,100,49,51,0.49,0.51,407.16326530612247,472.1441472616381,252.49019607843138,384.735680723182,"[0.0, 0.0, 0.0, 0.0, 20.0, 0.0, 0.0, 0.0, 0.0, 0.0, 55.0, 0.0, 0.0, 0.0, 0.0, 20.0, 0.0, 0.0, 0.0, 0.0, 0.0, 56.0, 0.0, 0.0, 0.0, 0.0, 20.0, 0.0, 0.0, 0.0, 0.0, 0.0, 55.0, 0.0, 0.0, 0.0, 0.0, 20.0, 0.0, 0.0, 0.0, 0.0, 0.0, 55.0, 0.0, 0.0, 0.0, 0.0]",56.0,6.270833333333333,15.760895151361872,0.0,"[0.0, 0.0, 0.0, 0.0, 20.0, 0.0, 0.0, 0.0, 0.0, 0.0, 55.0, 0.0, 0.0, 0.0, 0.0, 0.0, 20.0, 0.0, 0.0, 0.0, 0.0, 0.0, 55.0, 0.0, 1.0, 0.0, 0.0, 20.0, 0.0, 0.0, 0.0, 0.0, 0.0, 55.0, 0.0, 0.0, 0.0, 0.0, 20.0, 0.0, 0.0, 0.0, 0.0, 0.0, 55.0, 0.0, 0.0, 0.0, 0.0, 20.0]",55.0,6.42,15.51784778891712,0.0,1.4360439485692011,3.2666666666666666,3.0,5,5,5,5,5,1292,278,-1292,-62,-1067,-60,70,70,81,-62,1661776875.0,1661776951.0,1661777026.0,301.0,1661776875.0,1661776951.0,1661777026.0,321.0,5,2.7222222222222223,18
B,100,26,46,0.26,0.46,70.0,7.0,145.02173913043478,78.02521586012372,"[0.0, 25.0, 0.0, 25.0, 0.0, 25.0, 0.0, 25.0, 0.0, 25.0, 0.0, 26.0, 0.0, 25.0, 0.0, 25.0, 0.0, 25.0, 0.0, 25.0, 0.0, 25.0, 0.0, 25.0, 0.0]",26.0,12.04,12.533092196261864,25.0,"[0.0, 25.0, 0.0, 25.0, 0.0, 25.0, 0.0, 25.0, 0.0, 25.0, 0.0, 26.0, 0.0, 25.0, 0.0, 25.0, 0.0, 25.0, 0.0, 25.0, 0.0, 25.0, 0.0, 25.0, 0.0, 28.0, 0.0, 1.0, 0.0, 0.0, 1.0, 2.0, 3.0, 0.0, 0.0, 0.0, 1.0, 0.0, 2.0, 0.0, 4.0, 0.0, 8.0, 0.0, 2.0]",28.0,7.844444444444444,11.224884172736841,25.0,1.6918103387266026,1.7333333333333334,2.0,4,5,5,0,0,230,-63,-77,71,230,-63,-77,71,230,-63,1661776875.0,1661776951.0,1661777026.0,301.0,1661776931.5,1661777076.0,1661777136.0,353.0,2,2.0,13
B,100,57,43,0.57,0.43,81.54385964912281,21.871290302336384,227.6046511627907,215.9261436539133,"[0.0, 0.0, 0.0, 0.0, 0.0, 0.0, 0.0, 2.0, 0.0, 0.0, 0.0, 0.0, 0.0, 0.0, 0.0, 0.0, 2.0, 0.0, 0.0, 0.0, 4.0, 0.0, 0.0, 0.0, 22.0, 0.0, 0.0, 0.0, 0.0, 0.0, 0.0, 0.0, 2.0, 0.0, 0.0, 0.0, 0.0, 0.0, 0.0, 0.0, 2.0, 0.0, 0.0, 0.0, 4.0, 0.0, 0.0, 0.0, 22.0, 0.0, 0.0, 0.0, 0.0, 0.0, 0.0, 0.0]",22.0,1.0714285714285714,4.12248686585945,0.0,"[0.0, 0.0, 0.0, 0.0, 0.0, 0.0, 2.0, 0.0, 0.0, 0.0, 0.0, 0.0, 0.0, 2.0, 0.0, 0.0, 4.0, 0.0, 0.0, 22.0, 0.0, 0.0, 0.0, 0.0, 0.0, 2.0, 0.0, 0.0, 0.0, 0.0, 2.0, 0.0, 0.0, 4.0, 0.0, 0.0, 22.0, 0.0, 0.0, 0.0, 0.0, 0.0]",22.0,1.4285714285714286,4.70634251451651,0.0,0.9797958971132712,3.8,4.0,5,6,4,5,5,590,-74,-128,-68,81,75,-68,520,-74,-99,1661776804.0,1661776832.0,1661776836.0,60.0,1661776804.0,1661776832.0,1661776836.0,60.0,7,2.1923076923076925,26
B,100,93,7,0.93,0.07,1209.6451612903227,287.84328341985025,585.8571428571429,466.18648278848013,"[0.0, 0.0, 0.0, 0.0, 0.0, 0.0, 0.0, 0.0, 0.0, 0.0, 0.0, 0.0, 0.0, 0.0, 0.0, 0.0, 0.0, 0.0, 0.0, 0.0, 0.0, 0.0, 0.0, 0.0, 0.0, 0.0, 0.0, 0.0, 0.0, 0.0, 0.0, 0.0, 0.0, 0.0, 0.0, 0.0, 0.0, 0.0, 0.0, 0.0, 0.0, 0.0, 0.0, 0.0, 0.0, 0.0, 0.0, 0.0, 0.0, 0.0, 0.0, 0.0, 0.0, 0.0, 0.0, 0.0, 0.0, 0.0, 0.0, 0.0, 0.0, 0.0, 0.0, 0.0, 0.0, 0.0, 0.0, 0.0, 0.0, 0.0, 0.0, 0.0, 0.0, 0.0, 0.0, 0.0, 0.0, 0.0, 0.0, 0.0, 0.0, 0.0, 0.0, 0.0, 0.0, 0.0, 0.0, 0.0, 0.0, 5.0, 0.0, 0.0]",5.0,0.05434782608695652,0.5184452181613836,0.0,"[0.0, 0.0, 0.0, 0.0, 0.0, 0.0]",0.0,0.0,0.0,0.0,1.6411378166788229,6.2,7.0,7,10,0,5,5,-210,-121,-1292,-1292,-1292,-1292,-1292,-1292,-1292,-1292,1661776802.0,1661776802.0,1661776802.0,5.0,1661776802.0,1661776802.0,1661776802.0,0.0,88,46.5,2
B,100,98,2,0.98,0.02,1366.8061224489795,174.7093597111468,73.0,0.0,"[0.0, 0.0, 0.0, 0.0, 0.0, 0.0, 0.0, 0.0, 0.0, 0.0, 0.0, 0.0, 0.0, 0.0, 0.0, 0.0, 0.0, 0.0, 0.0, 0.0, 0.0, 0.0, 0.0, 0.0, 0.0, 0.0, 0.0, 0.0, 0.0, 0.0, 0.0, 0.0, 0.0, 0.0, 0.0, 0.0, 0.0, 0.0, 0.0, 0.0, 0.0, 0.0, 0.0, 0.0, 0.0, 0.0, 0.0, 0.0, 0.0, 0.0, 0.0, 0.0, 0.0, 0.0, 0.0, 0.0, 0.0, 0.0, 0.0, 0.0, 0.0, 0.0, 0.0, 0.0, 0.0, 0.0, 0.0, 0.0, 0.0, 0.0, 0.0, 0.0, 0.0, 0.0, 0.0, 0.0, 0.0, 0.0, 0.0, 0.0, 0.0, 0.0, 0.0, 0.0, 0.0, 0.0, 0.0, 0.0, 0.0, 0.0, 0.0, 0.0, 0.0, 0.0, 0.0, 0.0, 0.0]",0.0,0.0,0.0,0.0,[0.0],0.0,0.0,0.0,0.0,1.746106780494506,6.533333333333333,7.0,7,10,0,8,2,-210,-105,-1392,-1392,-1392,-1392,-1392,-1392,-1392,-1392,1661776802.0,1661776802.0,1661776802.0,0.0,1661776802.0,1661776802.0,1661776802.0,0.0,98,98.0,1
B,100,48,48,0.48,0.48,96.33333333333333,1.9720265943665387,100.33333333333333,1.9720265943665387,"[5.0, 21.0, 5.0, 17.0, 14.0, 7.0, 21.0, 4.0, 17.0, 14.0, 8.0, 21.0, 2.0, 19.0, 12.0, 10.0, 21.0, 0.0, 21.0, 10.0, 12.0, 19.0, 2.0, 22.0, 7.0, 14.0, 18.0, 3.0, 22.0, 5.0, 16.0, 15.0, 6.0, 22.0, 3.0, 19.0, 12.0, 9.0, 21.0, 1.0, 20.0, 11.0, 11.0, 19.0, 2.0, 21.0, 9.0]",22.0,12.553191489361701,7.000937659504475,19.0,"[5.0, 21.0, 5.0, 17.0, 14.0, 7.0, 21.0, 4.0, 17.0, 14.0, 8.0, 21.0, 2.0, 19.0, 12.0, 10.0, 21.0, 0.0, 21.0, 10.0, 12.0, 19.0, 2.0, 22.0, 7.0, 14.0, 18.0, 3.0, 22.0, 5.0, 16.0, 15.0, 6.0, 22.0, 3.0, 19.0, 12.0, 9.0, 21.0, 1.0, 20.0, 11.0, 11.0, 19.0, 2.0, 21.0, 9.0]",22.0,12.553191489361701,7.000937659504475,19.0,0.9797958971132713,3.2,3.0,4,5,5,3,3,-94,98,102,-98,102,-98,-94,98,102,-98,1661776953.75,1661777098.0,1661777244.75,590.0,1661776953.75,1661777098.0,1661777244.75,590.0,2,1.6551724137931034,29
B,100,47,53,0.47,0.53,328.531914893617,467.3663582364769,97.79245283018868,51.4188712478086,"[5.0, 0.0, 0.0, 194.0, 0.0, 0.0, 0.0, 0.0, 0.0, 0.0, 16.0, 4.0, 0.0, 0.0, 1.0, 0.0, 31.0, 0.0, 0.0, 0.0, 0.0, 0.0, 15.0, 5.0, 0.0, 0.0, 16.0, 0.0, 0.0, 0.0, 0.0, 0.0, 0.0, 15.0, 5.0, 0.0, 0.0, 249.0, 0.0, 0.0, 0.0, 0.0, 0.0, 0.0, 0.0, 0.0]",249.0,12.08695652173913,45.428312416356704,0.75,"[5.0, 0.0, 0.0, 194.0, 0.0, 0.0, 0.0, 0.0, 0.0, 0.0, 0.0, 16.0, 4.0, 0.0, 1.0, 0.0, 0.0, 31.0, 0.0, 0.0, 0.0, 0.0, 0.0, 0.0, 15.0, 5.0, 0.0, 0.0, 16.0, 0.0, 0.0, 0.0, 0.0, 0.0, 0.0, 0.0, 15.0, 5.0, 0.0, 0.0, 25.0, 1.0, 2.0, 221.0, 0.0, 0.0, 0.0, 0.0, 0.0, 0.0, 0.0, 0.0]",221.0,10.692307692307692,39.99448926536796,1.25,0.9568466729604883,3.1333333333333333,3.0,4,5,5,6,4,66,-66,66,97,-78,-66,-66,66,78,-74,1661777025.0,1661777074.0,1661777112.5,556.0,1661777027.0,1661777079.0,1661777115.0,556.0,4,1.8076923076923077,26
B,100,42,58,0.42,0.58,508.0,530.4850879821493,826.6551724137931,556.7601028525828,"[0.0, 0.0, 0.0, 0.0, 0.0, 0.0, 0.0, 30.0, 0.0, 0.0, 0.0, 0.0, 0.0, 0.0, 0.0, 30.0, 0.0, 0.0, 0.0, 0.0, 0.0, 0.0, 0.0, 30.0, 0.0, 0.0, 0.0, 0.0, 0.0, 0.0, 31.0, 0.0, 0.0, 0.0, 0.0, 0.0, 0.0, 0.0, 30.0, 0.0, 0.0]",31.0,3.682926829268293,9.883316872856005,0.0,"[0.0, 0.0, 0.0, 0.0, 0.0, 0.0, 0.0, 0.0, 0.0, 30.0, 0.0, 0.0, 0.0, 0.0, 0.0, 0.0, 0.0, 0.0, 0.0, 30.0, 0.0, 0.0, 0.0, 0.0, 0.0, 0.0, 0.0, 0.0, 0.0, 30.0, 0.0, 0.0, 0.0, 0.0, 0.0, 0.0, 0.0, 1.0, 0.0, 30.0, 0.0, 0.0, 0.0, 0.0, 0.0, 0.0, 0.0, 0.0, 0.0, 30.0, 0.0, 0.0, 0.0, 0.0, 0.0, 0.0, 0.0]",30.0,2.6491228070175437,8.48216131855798,0.0,2.006655592438988,2.8,3.0,6,2,8,3,7,1392,-1392,75,873,333,1392,1204,1392,1205,-67,1661776847.0,1661776877.0,1661776930.25,151.0,1661776847.0,1661776877.0,1661776938.0,151.0,7,3.5,12
B,100,48,52,0.48,0.52,114.0,34.708308323320324,184.53846153846155,298.82851150775565,"[1.0, 29.0, 2.0, 29.0, 2.0, 28.0, 3.0, 24.0, 0.0, 3.0, 1.0, 6.0, 0.0, 24.0, 7.0, 23.0, 8.0, 22.0, 9.0, 22.0, 8.0, 10.0, 0.0, 10.0, 0.0, 2.0, 30.0, 1.0, 9.0, 0.0, 3.0, 0.0, 0.0, 10.0, 8.0, 2.0, 0.0, 0.0, 0.0, 10.0, 0.0, 10.0, 0.0, 0.0, 0.0, 9.0, 1.0]",30.0,7.787234042553192,9.488932344069614,10.0,"[1.0, 29.0, 2.0, 29.0, 2.0, 28.0, 3.0, 24.0, 0.0, 3.0, 1.0, 6.0, 0.0, 24.0, 7.0, 23.0, 8.0, 22.0, 9.0, 22.0, 8.0, 10.0, 0.0, 10.0, 1.0, 1.0, 30.0, 1.0, 9.0, 0.0, 3.0, 0.0, 1.0, 9.0, 0.0, 8.0, 2.0, 0.0, 0.0, 0.0, 0.0, 10.0, 0.0, 0.0, 10.0, 0.0, 0.0, 0.0, 9.0, 1.0, 0.0]",30.0,7.176470588235294,9.325709524292932,9.5,0.8326663997864531,3.2,3.0,4,5,5,4,6,118,-114,-94,98,118,-114,-94,98,118,-114,1661776943.5,1661777083.0,1661777151.5,366.0,1661776945.0,1661777089.5,1661777153.0,366.0,2,1.411764705882353,34
B,100,46,54,0.46,0.54,229.93478260869566,421.5334017491023,217.61111111111111,233.62469243121595,"[0.0, 25.0, 0.0, 0.0, 26.0, 0.0, 0.0, 25.0, 0.0, 0.0, 25.0, 0.0, 0.0, 25.0, 0.0, 0.0, 25.0, 0.0, 25.0, 0.0, 0.0, 25.0, 0.0, 0.0, 26.0, 0.0, 25.0, 0.0, 25.0, 0.0, 0.0, 25.0, 0.0, 0.0, 247.0, 0.0, 0.0, 0.0, 0.0, 0.0, 0.0, 0.0, 0.0, 0.0, 0.0]",247.0,12.2,37.09243708478709,25.0,"[0.0, 0.0, 25.0, 0.0, 0.0, 26.0, 0.0, 0.0, 25.0, 0.0, 0.0, 25.0, 0.0, 0.0, 25.0, 0.0, 0.0, 25.0, 0.0, 0.0, 25.0, 0.0, 0.0, 25.0, 0.0, 0.0, 26.0, 0.0, 0.0, 25.0, 0.0, 0.0, 25.0, 0.0, 0.0, 25.0, 0.0, 0.0, 247.0, 0.0, 0.0, 0.0, 0.0, 0.0, 0.0, 0.0, 0.0, 0.0, 0.0, 0.0, 0.0, 0.0, 25.0]",247.0,10.830188679245284,34.48255552904188,25.0,1.2892719737209144,3.066666666666667,3.0,5,5,5,4,6,231,231,-62,-76,70,231,231,-62,-76,-62,1661776919.0,1661777019.0,1661777120.0,549.0,1661776919.0,1661777032.0,1661777367.0,574.0,5,2.1904761904761907,21
B,100,24,24,0.24,0.24,70.0,7.0,151.625,80.67207927777739,"[0.0, 25.0, 0.0, 25.0, 0.0, 25.0, 0.0, 25.0, 0.0, 25.0, 0.0, 26.0, 0.0, 25.0, 0.0, 25.0, 0.0, 25.0, 0.0, 25.0, 0.0, 25.0, 0.0]",26.0,12.0,12.535167920000461,25.0,"[0.0, 25.0, 0.0, 25.0, 0.0, 25.0, 0.0, 25.0, 0.0, 25.0, 1.0, 25.0, 0.0, 25.0, 0.0, 25.0, 0.0, 25.0, 0.0, 25.0, 0.0, 25.0, 0.0]",25.0,12.0,12.448153346546244,25.0,1.7435595774162698,1.6,0.0,4,5,5,0,0,239,-63,-77,71,239,-63,-77,71,239,-63,1661776888.75,1661776958.0,1661777027.25,276.0,1661776888.75,1661776958.5,1661777027.25,276.0,2,2.0,12
B,100,51,49,0.51,0.49,407.6666666666667,466.45793651298044,641.530612244898,559.0346308151629,"[0.0, 0.0, 0.0, 0.0, 0.0, 0.0, 0.0, 0.0, 0.0, 0.0, 0.0, 30.0, 0.0, 0.0, 1.0, 0.0, 0.0, 0.0, 0.0, 0.0, 0.0, 0.0, 0.0, 30.0, 0.0, 0.0, 0.0, 0.0, 0.0, 0.0, 0.0, 0.0, 0.0, 0.0, 0.0, 30.0, 0.0, 0.0, 0.0, 0.0, 0.0, 0.0, 0.0, 0.0, 0.0, 0.0, 0.0, 30.0, 0.0, 0.0]",30.0,2.42,8.134101056662622,0.0,"[0.0, 0.0, 0.0, 0.0, 0.0, 0.0, 0.0, 0.0, 0.0, 0.0, 30.0, 0.0, 1.0, 0.0, 0.0, 0.0, 0.0, 0.0, 0.0, 0.0, 0.0, 0.0, 30.0, 0.0, 0.0, 0.0, 0.0, 0.0, 0.0, 0.0, 0.0, 0.0, 0.0, 0.0, 30.0, 0.0, 0.0, 0.0, 0.0, 0.0, 0.0, 0.0, 0.0, 0.0, 0.0, 0.0, 30.0, 0.0]",30.0,2.5208333333333335,8.286509074326107,0.0,1.7435595774162693,3.4,4.0,7,4,6,5,5,1292,120,-1292,-829,-133,-67,1292,75,743,1288,1661776855.0,1661776886.0,1661776916.0,121.0,1661776855.0,1661776886.0,1661776916.0,121.0,7,3.4,15
B,100,6,0,0.06,0.0,74.0,0.0,0.0,0.0,"[1.0, 2.0, 56.0, 1.0, 2.0]",56.0,12.4,21.804586673450153,2.0,[],0.0,0.0,0.0,0.0,1.4966629547095758,0.4,0.0,6,6,0,0,0,-74,-74,-74,-74,-74,-74,0,0,0,0,1661776842.5,1661776872.0,1661776900.75,62.0,0.0,0.0,0.0,0.0,6,6.0,1
B,100,7,93,0.07,0.93,60.0,0.0,72.49462365591398,3.5759761609281484,"[60.0, 60.0, 60.0, 60.0, 232.0, 60.0]",232.0,88.66666666666667,64.10061535499396,60.0,"[60.0, 60.0, 40.0, 0.0, 20.0, 40.0, 0.0, 20.0, 8.0, 0.0, 224.0, 45.0, 0.0, 0.0, 0.0, 2.0, 0.0, 0.0, 0.0, 0.0, 0.0, 0.0, 1.0, 0.0, 0.0, 0.0, 0.0, 0.0, 0.0, 0.0, 12.0, 2.0, 0.0, 0.0, 0.0, 0.0, 0.0, 0.0, 0.0, 0.0, 0.0, 0.0, 0.0, 0.0, 0.0, 0.0, 0.0, 0.0, 0.0, 0.0, 0.0, 0.0, 0.0, 0.0, 0.0, 0.0, 0.0, 0.0, 0.0, 0.0, 0.0, 0.0, 0.0, 0.0, 0.0, 0.0, 0.0, 0.0, 0.0, 0.0, 0.0, 0.0, 0.0, 0.0, 0.0, 0.0, 0.0, 0.0, 0.0, 0.0, 0.0, 0.0, 0.0, 0.0, 0.0, 0.0, 0.0, 0.0, 0.0, 0.0, 0.0, 0.0]",224.0,5.804347826086956,25.647798079246478,0.0,0.8844332774281067,0.4666666666666667,0.0,3,4,6,0,10,64,-60,64,-60,64,-60,74,74,64,-60,1661776937.0,1661777027.0,1661777203.0,532.0,1661777367.0,1661777381.0,1661777381.0,534.0,1,1.0,7
B,100,4,0,0.04,0.0,60.0,0.0,0.0,0.0,"[0.0, 184.0, 0.0]",184.0,61.333333333333336,86.73843182554982,92.0,[],0.0,0.0,0.0,0.0,0.9977753031397179,0.26666666666666666,0.0,4,4,0,0,0,-60,-60,-60,-60,0,0,0,0,0,0,1661776863.0,1661776955.0,1661777047.0,184.0,0.0,0.0,0.0,0.0,4,4.0,1
B,100,39,61,0.39,0.61,446.28205128205127,491.03454099184745,183.54098360655738,325.0183134194886,"[0.0, 0.0, 0.0, 0.0, 0.0, 0.0, 0.0, 0.0, 75.0, 0.0, 0.0, 0.0, 0.0, 0.0, 0.0, 0.0, 0.0, 0.0, 75.0, 0.0, 0.0, 0.0, 0.0, 0.0, 0.0, 0.0, 0.0, 0.0, 76.0, 0.0, 0.0, 0.0, 0.0, 0.0, 0.0, 0.0, 0.0, 0.0]",76.0,5.947368421052632,20.314562275451895,0.0,"[0.0, 0.0, 0.0, 0.0, 0.0, 0.0, 0.0, 0.0, 0.0, 75.0, 0.0, 0.0, 0.0, 0.0, 0.0, 0.0, 0.0, 0.0, 0.0, 0.0, 75.0, 0.0, 0.0, 0.0, 0.0, 0.0, 0.0, 0.0, 0.0, 0.0, 0.0, 76.0, 0.0, 0.0, 0.0, 0.0, 0.0, 0.0, 0.0, 0.0, 0.0, 0.0, 45.0, 0.0, 0.0, 0.0, 0.0, 0.0, 0.0, 0.0, 0.0, 1.0, 0.0, 0.0, 0.0, 0.0, 0.0, 1.0, 0.0, 0.0]",76.0,4.55,17.229262897756247,0.0,1.6653327995729061,2.6,3.0,5,6,4,0,10,1392,270,170,163,-1392,-62,-1090,-60,-764,-761,1661776944.0,1661777019.0,1661777057.0,226.0,1661776944.0,1661777019.0,1661777140.0,273.0,8,4.875,8
B,100,15,15,0.15,0.15,173.93333333333334,73.4370176107088,78.8,7.377443098165291,"[0.0, 325.0, 0.0, 1.0, 0.0, 1.0, 0.0, 8.0, 23.0, 0.0, 84.0, 20.0, 0.0, 2.0]",325.0,33.142857142857146,83.79469565794818,17.0,"[0.0, 324.0, 1.0, 1.0, 0.0, 1.0, 0.0, 8.0, 23.0, 0.0, 84.0, 20.0, 0.0, 2.0]",324.0,33.142857142857146,83.51805377355514,17.0,1.5491933384829668,1.0,0.0,4,5,5,0,0,89,-150,89,-150,72,89,-150,-126,89,-150,1661777260.5,1661777262.0,1661777335.0,464.0,1661777260.5,1661777262.0,1661777335.0,464.0,2,1.1538461538461537,13
B,100,21,0,0.21,0.0,74.0,0.0,0.0,0.0,"[1.0, 2.0, 62.0, 1.0, 2.0, 62.0, 1.0, 2.0, 62.0, 1.0, 2.0, 62.0, 1.0, 2.0, 62.0, 1.0, 2.0, 62.0, 1.0, 2.0]",62.0,19.65,27.72773881873529,62.0,[],0.0,0.0,0.0,0.0,2.7999999999999994,1.4,0.0,7,10,0,0,0,-74,-74,-74,-74,-74,-74,-74,-74,-74,-74,1661777033.0,1661777161.0,1661777290.0,393.0,0.0,0.0,0.0,0.0,21,21.0,1
B,100,8,11,0.08,0.11,479.5,543.2828453025182,838.2727272727273,603.8552040332322,"[0.0, 0.0, 0.0, 85.0, 0.0, 0.0, 0.0]",85.0,12.142857142857142,29.743804019510026,0.0,"[0.0, 0.0, 1.0, 0.0, 84.0, 0.0, 0.0, 0.0, 0.0, 0.0]",84.0,8.5,25.168432609123677,0.0,1.14697670227235,0.5333333333333333,0.0,4,4,6,0,0,1392,1392,1212,-1392,-67,-392,-67,75,75,1392,1661777007.0,1661777049.5,1661777092.0,85.0,1661777007.5,1661777092.0,1661777092.0,85.0,4,4.0,2
B,100,1,2,0.01,0.02,92.0,0.0,80.0,14.0,[],0.0,0.0,0.0,0.0,[0.0],0.0,0.0,0.0,0.0,0.24944382578492946,0.06666666666666667,0.0,1,1,2,0,0,94,-92,66,0,0,0,0,0,0,0,1661777029.0,1661777029.0,1661777029.0,0.0,1661777029.0,1661777029.0,1661777029.0,0.0,1,1.0,1
B,100,1,2,0.01,0.02,92.0,0.0,80.0,14.0,[],0.0,0.0,0.0,0.0,[0.0],0.0,0.0,0.0,0.0,0.24944382578492946,0.06666666666666667,0.0,1,1,2,0,0,94,-92,66,0,0,0,0,0,0,0,1661777029.0,1661777029.0,1661777029.0,0.0,1661777029.0,1661777029.0,1661777029.0,0.0,1,1.0,1
B,100,21,30,0.21,0.3,565.952380952381,523.3334979851554,801.6333333333333,563.7259667210262,"[0.0, 0.0, 0.0, 0.0, 0.0, 30.0, 0.0, 0.0, 0.0, 0.0, 0.0, 0.0, 0.0, 30.0, 0.0, 0.0, 0.0, 0.0, 0.0, 0.0]",30.0,3.0,9.0,0.0,"[0.0, 0.0, 0.0, 0.0, 0.0, 0.0, 0.0, 0.0, 0.0, 30.0, 0.0, 0.0, 0.0, 0.0, 0.0, 0.0, 0.0, 0.0, 0.0, 30.0, 0.0, 0.0, 0.0, 0.0, 0.0, 0.0, 0.0, 0.0, 0.0]",30.0,2.0689655172413794,7.601864718982277,0.0,1.9933221850301406,1.4,0.0,6,2,8,0,0,1392,-1392,75,873,334,1392,1204,1392,1205,-67,1661777059.0,1661777089.0,1661777119.0,60.0,1661777059.0,1661777089.0,1661777119.0,60.0,7,3.5,6
B,100,24,76,0.24,0.76,381.1666666666667,460.1623505773684,652.0526315789474,580.7254287059474,"[0.0, 0.0, 0.0, 0.0, 0.0, 0.0, 0.0, 0.0, 0.0, 0.0, 0.0, 30.0, 0.0, 0.0, 0.0, 0.0, 0.0, 0.0, 0.0, 0.0, 0.0, 0.0, 0.0]",30.0,1.3043478260869565,6.117933599769691,0.0,"[0.0, 0.0, 0.0, 0.0, 0.0, 0.0, 0.0, 0.0, 0.0, 0.0, 30.0, 0.0, 0.0, 0.0, 0.0, 0.0, 0.0, 0.0, 0.0, 0.0, 0.0, 0.0, 31.0, 0.0, 0.0, 0.0, 1.0, 2.0, 1.0, 0.0, 0.0, 0.0, 0.0, 0.0, 0.0, 1.0, 0.0, 1.0, 1.0, 0.0, 1.0, 3.0, 0.0, 8.0, 0.0, 46.0, 0.0, 0.0, 0.0, 1.0, 0.0, 0.0, 1.0, 1.0, 0.0, 1.0, 0.0, 3.0, 0.0, 0.0, 8.0, 0.0, 15.0, 0.0, 0.0, 1.0, 0.0, 1.0, 0.0, 1.0, 1.0, 0.0, 0.0, 1.0, 0.0]",46.0,2.1466666666666665,7.322464673106241,1.0,2.0591260281974004,1.6,0.0,6,4,6,0,10,1292,119,-1292,-835,-126,-67,1292,75,743,1288,1661777067.0,1661777082.0,1661777097.0,30.0,1661777097.0,1661777133.5,1661777197.0,161.0,7,4.0,6
B,100,5,6,0.05,0.06,97.2,58.48213402399061,83.83333333333333,31.275212051861274,"[0.0, 0.0, 0.0, 0.0]",0.0,0.0,0.0,0.0,"[0.0, 0.0, 0.0, 0.0, 0.0]",0.0,0.0,0.0,0.0,1.0110500592068732,0.3333333333333333,0.0,4,4,6,0,0,74,-74,66,153,-66,-214,-66,78,66,66,1661777078.0,1661777078.0,1661777078.0,0.0,1661777078.0,1661777078.0,1661777078.0,0.0,3,1.6666666666666667,3
B,100,0,100,0.0,1.0,0.0,0.0,747.98,567.4056393798003,[],0.0,0.0,0.0,0.0,"[8.0, 0.0, 0.0, 0.0, 0.0, 1.0, 0.0, 0.0, 1.0, 0.0, 0.0, 0.0, 0.0, 0.0, 0.0, 0.0, 1.0, 0.0, 0.0, 1.0, 0.0, 0.0, 0.0, 0.0, 0.0, 1.0, 0.0, 1.0, 1.0, 0.0, 0.0, 0.0, 1.0, 0.0, 0.0, 0.0, 0.0, 0.0, 1.0, 0.0, 1.0, 0.0, 0.0, 1.0, 4.0, 1.0, 0.0, 0.0, 0.0, 1.0, 7.0, 0.0, 1.0, 1.0, 0.0, 0.0, 2.0, 1.0, 3.0, 0.0, 1.0, 1.0, 1.0, 1.0, 2.0, 9.0, 1.0, 0.0, 1.0, 1.0, 1.0, 3.0, 0.0, 0.0, 1.0, 1.0, 1.0, 1.0, 2.0, 2.0, 0.0, 1.0, 1.0, 2.0, 18.0, 0.0, 1.0, 1.0, 2.0, 0.0, 4.0, 0.0, 1.0, 1.0, 2.0, 17.0, 0.0, 1.0, 1.0]",18.0,1.2424242424242424,2.7855721683106416,1.0,0.0,0.0,0.0,0,0,10,0,10,66,74,74,74,74,74,74,74,74,74,0.0,0.0,0.0,0.0,1661777144.0,1661777156.5,1661777194.25,123.0,0,0.0,0
B,100,0,12,0.0,0.12,0.0,0.0,66.0,0.0,[],0.0,0.0,0.0,0.0,"[0.0, 0.0, 0.0, 0.0, 0.0, 1.0, 0.0, 0.0, 0.0, 1.0, 0.0]",1.0,0.18181818181818182,0.385694607919935,0.0,0.0,0.0,0.0,0,0,10,0,0,66,66,66,66,66,66,66,66,66,66,0.0,0.0,0.0,0.0,1661777140.0,1661777140.5,1661777141.0,2.0,0,0.0,0
B,100,0,37,0.0,0.37,0.0,0.0,74.0,0.0,[],0.0,0.0,0.0,0.0,"[0.0, 0.0, 0.0, 0.0, 1.0, 0.0, 0.0, 0.0, 0.0, 0.0, 1.0, 1.0, 0.0, 0.0, 0.0, 0.0, 0.0, 0.0, 1.0, 2.0, 1.0, 0.0, 0.0, 0.0, 0.0, 1.0, 1.0, 0.0, 0.0, 6.0, 0.0, 0.0, 0.0, 0.0, 0.0, 2.0]",6.0,0.4722222222222222,1.0925533577387299,1.0,0.0,0.0,0.0,0,0,10,0,0,74,74,74,74,74,74,74,74,74,74,0.0,0.0,0.0,0.0,1661777173.0,1661777175.0,1661777181.0,17.0,0,0.0,0
B,100,0,65,0.0,0.65,0.0,0.0,74.0,0.0,[],0.0,0.0,0.0,0.0,"[0.0, 1.0, 0.0, 2.0, 0.0, 4.0, 0.0, 2.0, 6.0, 0.0, 3.0, 0.0, 1.0, 2.0, 4.0, 3.0, 6.0, 0.0, 1.0, 0.0, 1.0, 1.0, 0.0, 1.0, 2.0, 0.0, 1.0, 1.0, 1.0, 0.0, 7.0, 0.0, 3.0, 0.0, 3.0, 1.0, 2.0, 4.0, 3.0, 1.0, 2.0, 2.0, 2.0, 9.0, 11.0, 1.0, 2.0, 4.0, 8.0, 5.0, 1.0, 2.0, 4.0, 9.0, 29.0, 1.0, 0.0, 1.0, 1.0, 1.0, 4.0, 0.0, 8.0, 0.0]",29.0,2.71875,4.188782452873388,3.25,0.0,0.0,0.0,0,0,10,0,0,74,74,74,74,74,74,74,74,74,74,0.0,0.0,0.0,0.0,1661777200.0,1661777222.0,1661777272.0,174.0,0,0.0,0
B,100,0,14,0.0,0.14,0.0,0.0,170.0,0.0,[],0.0,0.0,0.0,0.0,"[10.0, 2.0, 20.0, 10.0, 1.0, 20.0, 10.0, 22.0, 10.0, 21.0, 10.0, 22.0, 10.0]",22.0,12.923076923076923,7.03246907577809,20.0,0.0,0.0,0.0,0,0,10,0,0,170,170,170,170,170,170,170,170,170,170,0.0,0.0,0.0,0.0,1661777206.5,1661777240.0,1661777292.75,168.0,0,0.0,0
B,100,0,37,0.0,0.37,0.0,0.0,74.0,0.0,[],0.0,0.0,0.0,0.0,"[0.0, 0.0, 0.0, 0.0, 1.0, 0.0, 0.0, 0.0, 0.0, 1.0, 1.0, 0.0, 0.0, 0.0, 0.0, 0.0, 0.0, 2.0, 1.0, 0.0, 0.0, 1.0, 1.0, 0.0, 0.0, 0.0, 1.0, 6.0, 1.0, 0.0, 0.0, 0.0, 1.0, 2.0, 0.0, 0.0]",6.0,0.5277777777777778,1.0925533577387299,1.0,0.0,0.0,0.0,0,0,10,0,0,74,74,74,74,74,74,74,74,74,74,0.0,0.0,0.0,0.0,1661777204.0,1661777208.0,1661777212.0,19.0,0,0.0,0
B,100,4,4,0.04,0.04,126.0,0.0,72.0,0.0,"[0.0, 31.0, 0.0]",31.0,10.333333333333334,14.613540144521982,15.5,"[1.0, 31.0, 0.0]",31.0,10.666666666666666,14.38363267359428,16.0,0.7717224601860151,0.26666666666666666,0.0,3,4,4,0,0,72,-126,72,-126,72,-126,72,-126,0,0,1661777262.0,1661777277.5,1661777293.0,31.0,1661777261.75,1661777277.5,1661777293.0,32.0,1,1.0,4
B,100,1,5,0.01,0.05,90.0,0.0,90.0,0.0,[],0.0,0.0,0.0,0.0,"[2.0, 2.0, 2.0, 25.0]",25.0,7.75,9.959292143521045,7.75,0.24944382578492946,0.06666666666666667,0.0,1,1,5,0,0,90,90,90,90,90,-90,0,0,0,0,1661777294.0,1661777294.0,1661777294.0,0.0,1661777264.0,1661777266.0,1661777268.0,31.0,1,1.0,1
B,100,0,30,0.0,0.3,0.0,0.0,74.0,0.0,[],0.0,0.0,0.0,0.0,"[0.0, 0.0, 0.0, 0.0, 1.0, 0.0, 0.0, 0.0, 0.0, 1.0, 1.0, 0.0, 0.0, 0.0, 0.0, 0.0, 2.0, 2.0, 1.0, 0.0, 0.0, 0.0, 1.0, 6.0, 1.0, 0.0, 0.0, 0.0, 1.0]",6.0,0.5862068965517241,1.1895302283214029,1.0,0.0,0.0,0.0,0,0,10,0,0,74,74,74,74,74,74,74,74,74,74,0.0,0.0,0.0,0.0,1661777267.0,1661777269.0,1661777274.0,17.0,0,0.0,0
B,100,0,4,0.0,0.04,0.0,0.0,90.0,0.0,[],0.0,0.0,0.0,0.0,"[2.0, 2.0, 2.0]",2.0,2.0,0.0,2.0,0.0,0.0,0.0,0,0,4,0,0,90,90,90,90,0,0,0,0,0,0,0.0,0.0,0.0,0.0,1661777271.5,1661777273.0,1661777274.5,6.0,0,0.0,0
B,100,0,30,0.0,0.3,0.0,0.0,74.0,0.0,[],0.0,0.0,0.0,0.0,"[0.0, 0.0, 0.0, 0.0, 1.0, 0.0, 0.0, 0.0, 0.0, 0.0, 1.0, 1.0, 0.0, 0.0, 0.0, 0.0, 1.0, 3.0, 0.0, 0.0, 0.0, 0.0, 1.0, 7.0, 0.0, 0.0, 0.0, 0.0, 1.0]",7.0,0.5517241379310345,1.3793103448275863,1.0,0.0,0.0,0.0,0,0,10,0,0,74,74,74,74,74,74,74,74,74,74,0.0,0.0,0.0,0.0,1661777299.0,1661777301.0,1661777305.0,16.0,0,0.0,0
B,100,2,2,0.02,0.02,54.0,0.0,74.0,0.0,[0.0],0.0,0.0,0.0,0.0,[0.0],0.0,0.0,0.0,0.0,0.4988876515698589,0.13333333333333333,0.0,2,2,2,0,0,74,-54,74,-54,0,0,0,0,0,0,1661777364.0,1661777364.0,1661777364.0,0.0,1661777364.0,1661777364.0,1661777364.0,0.0,1,1.0,2
B,100,9,9,0.09,0.09,189.0,284.9444390286172,165.66666666666666,179.9938270546459,"[0.0, 0.0, 0.0, 0.0, 0.0, 0.0, 0.0, 0.0]",0.0,0.0,0.0,0.0,"[0.0, 0.0, 0.0, 0.0, 0.0, 0.0, 0.0, 0.0]",0.0,0.0,0.0,0.0,1.2543258481484518,0.6,0.0,4,4,6,0,0,74,-74,66,633,-66,-284,66,130,-66,300,1661777364.0,1661777364.0,1661777364.0,0.0,1661777364.0,1661777364.0,1661777364.0,0.0,3,1.8,5
B,100,5,5,0.05,0.05,96.8,57.683273138753144,113.0,90.0533175402217,"[0.0, 0.0, 0.0, 0.0]",0.0,0.0,0.0,0.0,"[0.0, 0.0, 0.0, 0.0]",0.0,0.0,0.0,0.0,1.0110500592068732,0.3333333333333333,0.0,4,5,5,0,0,74,-74,66,293,-66,-212,-66,66,66,-66,1661777364.0,1661777364.0,1661777364.0,0.0,1661777364.0,1661777364.0,1661777364.0,0.0,3,1.6666666666666667,3
B,100,7,7,0.07,0.07,174.14285714285714,168.5572633273576,208.71428571428572,223.1378269050731,"[0.0, 0.0, 0.0, 0.0, 0.0, 0.0]",0.0,0.0,0.0,0.0,"[0.0, 0.0, 0.0, 0.0, 0.0, 0.0]",0.0,0.0,0.0,0.0,1.203698005684519,0.4666666666666667,0.0,4,5,5,0,0,74,-74,66,561,-66,-431,66,562,-66,-450,1661777364.0,1661777364.0,1661777364.0,0.0,1661777364.0,1661777364.0,1661777364.0,0.0,3,1.75,4
B,100,8,10,0.08,0.1,174.0,174.06823374757383,165.2,184.52793826410138,"[0.0, 0.0, 0.0, 0.0, 0.0, 0.0, 0.0]",0.0,0.0,0.0,0.0,"[0.0, 0.0, 0.0, 0.0, 0.0, 0.0, 0.0, 0.0, 0.0]",0.0,0.0,0.0,0.0,1.4079141387961915,0.5333333333333333,0.0,5,4,6,0,0,74,-74,66,602,-66,-269,66,130,-66,450,1661777364.0,1661777364.0,1661777364.0,0.0,1661777364.0,1661777364.0,1661777364.0,0.0,4,2.0,4
B,100,12,14,0.12,0.14,310.0,171.13152836341993,349.64285714285717,244.49616039721275,"[0.0, 0.0, 0.0, 0.0, 1.0, 0.0, 0.0, 0.0, 0.0, 0.0, 0.0]",1.0,0.09090909090909091,0.2874797872880344,0.0,"[0.0, 0.0, 0.0, 0.0, 1.0, 0.0, 0.0, 0.0, 0.0, 0.0, 0.0, 0.0, 1.0]",1.0,0.15384615384615385,0.36080121229411,0.0,1.3759844960366863,0.8,0.0,4,5,5,0,0,74,-74,66,561,-66,-431,66,561,-66,-431,1661777364.0,1661777365.0,1661777365.0,1.0,1661777364.0,1661777365.0,1661777365.0,2.0,2,1.3333333333333333,9
B,100,61,39,0.61,0.39,1276.1639344262296,435.8688019000285,264.94871794871796,432.9692325610564,"[0.0, 0.0, 0.0, 0.0, 0.0, 0.0, 0.0, 0.0, 0.0, 0.0, 0.0, 0.0, 0.0, 0.0, 0.0, 0.0, 0.0, 0.0, 0.0, 0.0, 0.0, 0.0, 0.0, 0.0, 0.0, 0.0, 0.0, 0.0, 0.0, 0.0, 0.0, 1.0, 0.0, 0.0, 0.0, 0.0, 0.0, 0.0, 0.0, 0.0, 0.0, 0.0, 0.0, 0.0, 0.0, 0.0, 0.0, 0.0, 0.0, 0.0, 0.0, 0.0, 0.0, 0.0, 0.0, 0.0, 0.0, 0.0, 0.0, 0.0]",1.0,0.016666666666666666,0.12801909579781015,0.0,"[0.0, 0.0, 0.0, 0.0, 0.0, 0.0, 0.0, 0.0, 0.0, 0.0, 0.0, 0.0, 0.0, 0.0, 0.0, 0.0, 0.0, 0.0, 0.0, 0.0, 0.0, 0.0, 0.0, 0.0, 0.0, 0.0, 0.0, 0.0, 1.0, 0.0, 0.0, 0.0, 0.0, 0.0, 0.0, 0.0, 0.0, 0.0]",1.0,0.02631578947368421,0.16007269816574266,0.0,2.8158282775923835,4.066666666666666,5.0,7,6,4,5,5,74,-74,66,583,-66,-1462,-1462,-1462,-1055,66,1661777366.0,1661777366.0,1661777367.0,1.0,1661777366.0,1661777366.0,1661777366.5,1.0,26,10.166666666666666,6
B,100,12,13,0.12,0.13,589.0,620.6881933252262,242.23076923076923,337.5035393195965,"[0.0, 0.0, 0.0, 0.0, 0.0, 0.0, 0.0, 0.0, 0.0, 25.0, 0.0]",25.0,2.272727272727273,7.1869946822008615,0.0,"[0.0, 0.0, 0.0, 0.0, 0.0, 0.0, 0.0, 0.0, 0.0, 0.0, 25.0, 0.0]",25.0,2.0833333333333335,6.909634979907084,0.0,1.7962924780409975,0.8,0.0,7,5,5,0,0,74,-74,1292,354,66,583,-1292,-62,-247,-66,1661777367.0,1661777367.0,1661777367.0,25.0,1661777367.0,1661777367.0,1661777367.0,25.0,8,3.0,4
B,100,37,33,0.37,0.33,300.2432432432432,411.87254689621966,322.0,394.332654524378,"[0.0, 0.0, 0.0, 0.0, 0.0, 0.0, 0.0, 0.0, 0.0, 0.0, 0.0, 0.0, 0.0, 0.0, 0.0, 1.0, 1.0, 0.0, 0.0, 0.0, 0.0, 0.0, 0.0, 1.0, 0.0, 0.0, 0.0, 1.0, 0.0, 0.0, 0.0, 4.0, 0.0, 0.0, 0.0, 0.0]",4.0,0.2222222222222222,0.7114582486036499,0.0,"[0.0, 0.0, 0.0, 0.0, 0.0, 0.0, 0.0, 0.0, 0.0, 0.0, 0.0, 0.0, 0.0, 0.0, 0.0, 0.0, 0.0, 2.0, 0.0, 0.0, 0.0, 0.0, 1.0, 0.0, 0.0, 1.0, 0.0, 0.0, 4.0, 0.0, 0.0, 0.0]",4.0,0.25,0.7905694150420949,0.0,1.8926759422104518,2.466666666666667,4.0,5,4,6,0,0,1292,74,-74,-1292,-1292,-1292,66,776,1292,83,1661777372.0,1661777374.0,1661777375.0,8.0,1661777372.0,1661777372.0,1661777375.0,8.0,7,2.642857142857143,14
B,100,2,11,0.02,0.11,64.0,10.0,101.27272727272727,39.20828045449516,[5.0],5.0,5.0,0.0,5.0,"[1.0, 2.0, 4.0, 8.0, 0.0, 0.0, 1.0, 1.0, 1.0, 2.0]",8.0,2.0,2.280350850198276,2.0,0.3399346342395189,0.13333333333333333,0.0,1,1,9,0,0,74,74,74,74,74,-74,66,153,153,153,1661777393.25,1661777394.5,1661777395.75,5.0,1661777382.0,1661777392.0,1661777393.5,20.0,1,1.0,2
B,100,17,17,0.17,0.17,591.0588235294117,518.6131359453658,512.2352941176471,523.7792001588372,"[0.0, 0.0, 0.0, 0.0, 0.0, 0.0, 0.0, 0.0, 0.0, 0.0, 0.0, 0.0, 0.0, 0.0, 0.0, 0.0]",0.0,0.0,0.0,0.0,"[0.0, 0.0, 0.0, 0.0, 0.0, 0.0, 0.0, 0.0, 0.0, 0.0, 0.0, 0.0, 0.0, 0.0, 0.0, 0.0]",0.0,0.0,0.0,0.0,1.8926759422104522,1.1333333333333333,0.0,5,4,6,0,0,1292,74,-74,-1292,-1292,-1292,66,796,1292,83,1661777391.0,1661777391.0,1661777391.0,0.0,1661777391.0,1661777391.0,1661777391.0,0.0,5,3.4,5
B,100,5,6,0.05,0.06,97.2,58.48213402399061,83.83333333333333,31.275212051861274,"[0.0, 0.0, 0.0, 0.0]",0.0,0.0,0.0,0.0,"[0.0, 0.0, 0.0, 0.0, 0.0]",0.0,0.0,0.0,0.0,1.0110500592068732,0.3333333333333333,0.0,4,4,6,0,0,74,-74,66,153,-66,-214,-66,78,66,66,1661777397.0,1661777397.0,1661777397.0,0.0,1661777397.0,1661777397.0,1661777397.0,0.0,3,1.6666666666666667,3
B,100,57,43,0.57,0.43,75.6140350877193,15.341440708626836,223.48837209302326,212.98229777875287,"[0.0, 0.0, 0.0, 2.0, 0.0, 0.0, 0.0, 0.0, 0.0, 0.0, 0.0, 2.0, 0.0, 0.0, 0.0, 4.0, 0.0, 0.0, 0.0, 1.0, 0.0, 0.0, 0.0, 21.0, 0.0, 0.0, 0.0, 2.0, 0.0, 0.0, 0.0, 0.0, 0.0, 0.0, 0.0, 2.0, 0.0, 0.0, 0.0, 0.0, 4.0, 0.0, 0.0, 0.0, 1.0, 0.0, 0.0, 0.0, 21.0, 0.0, 0.0, 0.0, 2.0, 0.0, 0.0, 0.0]",21.0,1.1071428571428572,3.935545757345894,0.0,"[0.0, 0.0, 2.0, 0.0, 0.0, 0.0, 0.0, 0.0, 2.0, 0.0, 0.0, 4.0, 0.0, 0.0, 1.0, 0.0, 0.0, 21.0, 0.0, 0.0, 2.0, 0.0, 0.0, 0.0, 0.0, 0.0, 2.0, 0.0, 0.0, 0.0, 4.0, 0.0, 0.0, 1.0, 0.0, 0.0, 21.0, 0.0, 0.0, 2.0, 0.0, 0.0]",21.0,1.4761904761904763,4.484035678238837,0.75,0.7483314773547883,3.8,4.0,4,6,4,5,5,512,-71,-108,-67,77,75,-67,516,-69,-108,1661777406.0,1661777434.0,1661777440.0,62.0,1661777406.0,1661777434.0,1661777440.0,62.0,3,2.0357142857142856,28
B,100,68,32,0.68,0.32,1408.4264705882354,294.48620841453135,213.46875,391.04842925581164,"[0.0, 0.0, 0.0, 0.0, 0.0, 0.0, 0.0, 0.0, 0.0, 0.0, 0.0, 0.0, 0.0, 0.0, 0.0, 0.0, 0.0, 0.0, 0.0, 0.0, 0.0, 0.0, 0.0, 0.0, 0.0, 0.0, 0.0, 0.0, 0.0, 0.0, 0.0, 0.0, 0.0, 0.0, 0.0, 0.0, 0.0, 0.0, 0.0, 0.0, 0.0, 0.0, 0.0, 0.0, 0.0, 0.0, 0.0, 0.0, 0.0, 0.0, 0.0, 0.0, 0.0, 0.0, 0.0, 0.0, 0.0, 0.0, 0.0, 0.0, 0.0, 0.0, 0.0, 0.0, 0.0, 0.0, 0.0]",0.0,0.0,0.0,0.0,"[0.0, 0.0, 0.0, 0.0, 0.0, 0.0, 0.0, 0.0, 0.0, 0.0, 0.0, 0.0, 0.0, 0.0, 0.0, 0.0, 0.0, 0.0, 0.0, 0.0, 0.0, 0.0, 0.0, 0.0, 0.0, 0.0, 0.0, 0.0, 0.0, 0.0, 0.0]",0.0,0.0,0.0,0.0,2.985892756874492,4.533333333333333,7.0,7,6,4,0,10,1307,1332,1172,1172,-66,-66,-66,-983,-1478,-1478,1661777404.0,1661777404.0,1661777404.0,0.0,1661777404.0,1661777404.0,1661777404.0,0.0,54,34.0,2
B,100,0,100,0.0,1.0,0.0,0.0,74.0,0.0,[],0.0,0.0,0.0,0.0,"[0.0, 0.0, 0.0, 0.0, 0.0, 0.0, 0.0, 0.0, 0.0, 0.0, 0.0, 0.0, 0.0, 0.0, 0.0, 0.0, 0.0, 0.0, 0.0, 0.0, 0.0, 0.0, 0.0, 0.0, 0.0, 0.0, 0.0, 0.0, 0.0, 0.0, 0.0, 0.0, 0.0, 0.0, 0.0, 0.0, 0.0, 0.0, 0.0, 0.0, 0.0, 0.0, 0.0, 0.0, 0.0, 0.0, 0.0, 0.0, 0.0, 0.0, 0.0, 0.0, 0.0, 0.0, 0.0, 0.0, 0.0, 0.0, 0.0, 0.0, 0.0, 0.0, 0.0, 0.0, 0.0, 0.0, 0.0, 0.0, 0.0, 0.0, 0.0, 0.0, 0.0, 0.0, 0.0, 0.0, 0.0, 0.0, 0.0, 0.0, 0.0, 0.0, 0.0, 0.0, 0.0, 0.0, 0.0, 0.0, 0.0, 0.0, 0.0, 0.0, 0.0, 0.0, 0.0, 0.0, 0.0, 3.0, 0.0]",3.0,0.030303030303030304,0.29998469504883835,0.0,0.0,0.0,0.0,0,0,10,0,10,74,74,74,74,74,74,74,74,74,74,0.0,0.0,0.0,0.0,1661777404.0,1661777404.0,1661777404.0,3.0,0,0.0,0
B,100,48,52,0.48,0.52,249.10416666666666,398.62436576636765,99.59615384615384,55.91417173303845,"[5.0, 0.0, 0.0, 26.0, 0.0, 0.0, 0.0, 0.0, 0.0, 15.0, 5.0, 0.0, 0.0, 51.0, 0.0, 0.0, 0.0, 0.0, 0.0, 0.0, 15.0, 5.0, 0.0, 0.0, 0.0, 74.0, 0.0, 0.0, 1.0, 0.0, 0.0, 15.0, 5.0, 0.0, 0.0, 70.0, 0.0, 0.0, 0.0, 0.0, 0.0, 0.0, 15.0, 5.0, 0.0, 0.0, 58.0]",74.0,7.76595744680851,17.988427445322618,5.0,"[5.0, 0.0, 0.0, 26.0, 0.0, 0.0, 0.0, 0.0, 0.0, 0.0, 15.0, 5.0, 0.0, 0.0, 51.0, 0.0, 0.0, 0.0, 0.0, 0.0, 0.0, 0.0, 15.0, 5.0, 0.0, 0.0, 0.0, 74.0, 0.0, 0.0, 0.0, 0.0, 1.0, 0.0, 15.0, 5.0, 0.0, 0.0, 70.0, 0.0, 0.0, 0.0, 0.0, 0.0, 0.0, 0.0, 15.0, 5.0, 0.0, 0.0, 58.0]",74.0,7.1568627450980395,17.394356250615253,5.0,0.8326663997864531,3.2,3.0,4,5,5,5,5,66,-66,66,97,-78,-66,-66,66,74,-74,1661777457.0,1661777528.0,1661777640.5,365.0,1661777457.0,1661777528.0,1661777640.5,365.0,4,1.7142857142857142,28
B,100,47,47,0.47,0.47,96.38297872340425,1.9629893778163063,100.38297872340425,1.9629893778163063,"[18.0, 3.0, 22.0, 6.0, 15.0, 16.0, 6.0, 22.0, 3.0, 18.0, 13.0, 9.0, 21.0, 0.0, 21.0, 10.0, 11.0, 21.0, 0.0, 21.0, 9.0, 12.0, 19.0, 3.0, 21.0, 7.0, 14.0, 18.0, 4.0, 22.0, 5.0, 16.0, 15.0, 7.0, 21.0, 3.0, 19.0, 11.0, 10.0, 21.0, 0.0, 22.0, 9.0, 12.0, 19.0, 3.0]",22.0,12.565217391304348,7.1798394493162885,19.0,"[18.0, 3.0, 22.0, 6.0, 15.0, 16.0, 6.0, 22.0, 3.0, 18.0, 13.0, 9.0, 21.0, 0.0, 21.0, 10.0, 11.0, 21.0, 0.0, 21.0, 9.0, 12.0, 19.0, 3.0, 21.0, 7.0, 14.0, 18.0, 4.0, 22.0, 5.0, 16.0, 15.0, 7.0, 21.0, 3.0, 19.0, 11.0, 10.0, 21.0, 0.0, 22.0, 9.0, 12.0, 19.0, 3.0]",22.0,12.565217391304348,7.1798394493162885,19.0,1.1469767022723503,3.1333333333333333,3.0,4,5,5,2,2,102,-98,-94,98,102,-98,102,-98,-94,98,1661777553.5,1661777703.0,1661777845.5,578.0,1661777553.5,1661777703.0,1661777845.5,578.0,2,1.6785714285714286,28
B,100,44,44,0.44,0.44,105.45454545454545,11.073010893516447,125.0909090909091,142.58104843176326,"[1.0, 0.0, 9.0, 0.0, 7.0, 24.0, 6.0, 25.0, 5.0, 14.0, 17.0, 14.0, 16.0, 15.0, 15.0, 16.0, 15.0, 17.0, 13.0, 18.0, 13.0, 18.0, 12.0, 19.0, 11.0, 21.0, 10.0, 20.0, 10.0, 21.0, 9.0, 23.0, 7.0, 24.0, 7.0, 24.0, 6.0, 17.0, 0.0, 14.0, 17.0, 13.0, 18.0]",25.0,13.511627906976743,6.745789705087739,18.0,"[1.0, 0.0, 9.0, 1.0, 6.0, 24.0, 6.0, 25.0, 5.0, 14.0, 17.0, 14.0, 16.0, 15.0, 15.0, 16.0, 15.0, 17.0, 13.0, 18.0, 13.0, 18.0, 12.0, 19.0, 11.0, 21.0, 10.0, 20.0, 10.0, 21.0, 9.0, 23.0, 7.0, 24.0, 7.0, 24.0, 6.0, 17.0, 0.0, 14.0, 17.0, 13.0, 18.0]",25.0,13.511627906976743,6.725073157804744,18.0,1.2892719737209144,2.933333333333333,3.0,4,5,5,0,0,-94,98,-90,106,-102,66,-122,1054,-118,66,1661777511.75,1661777677.0,1661777843.75,581.0,1661777511.75,1661777677.0,1661777843.75,581.0,2,1.76,25
B,100,50,50,0.5,0.5,69.2,6.928203230275509,147.24,80.62544511505037,"[0.0, 10.0, 0.0, 13.0, 0.0, 25.0, 0.0, 0.0, 25.0, 0.0, 25.0, 0.0, 25.0, 0.0, 25.0, 0.0, 26.0, 0.0, 25.0, 0.0, 25.0, 0.0, 25.0, 0.0, 25.0, 0.0, 25.0, 0.0, 25.0, 0.0, 25.0, 0.0, 25.0, 0.0, 26.0, 0.0, 25.0, 0.0, 25.0, 0.0, 25.0, 0.0, 25.0, 0.0, 25.0, 0.0, 25.0, 0.0, 25.0]",26.0,11.73469387755102,12.267054783832766,25.0,"[0.0, 10.0, 0.0, 13.0, 0.0, 25.0, 0.0, 0.0, 25.0, 0.0, 25.0, 0.0, 25.0, 0.0, 25.0, 0.0, 25.0, 1.0, 25.0, 0.0, 25.0, 0.0, 25.0, 0.0, 25.0, 0.0, 25.0, 0.0, 25.0, 0.0, 25.0, 0.0, 25.0, 0.0, 26.0, 0.0, 25.0, 0.0, 25.0, 0.0, 25.0, 0.0, 25.0, 0.0, 25.0, 0.0, 25.0, 0.0, 25.0]",26.0,11.73469387755102,12.225392627899076,25.0,0.7888106377466155,3.3333333333333335,3.0,4,5,5,5,5,230,-62,-76,70,-66,66,66,-66,230,-62,1661777521.25,1661777678.5,1661777835.75,575.0,1661777521.25,1661777678.5,1661777835.75,575.0,2,1.8518518518518519,27
B,100,50,50,0.5,0.5,68.84,7.032382242170857,147.28,80.66846719753636,"[0.0, 10.0, 0.0, 13.0, 0.0, 25.0, 0.0, 25.0, 0.0, 25.0, 0.0, 25.0, 0.0, 25.0, 0.0, 26.0, 0.0, 25.0, 0.0, 25.0, 0.0, 0.0, 25.0, 0.0, 25.0, 0.0, 25.0, 0.0, 25.0, 0.0, 25.0, 0.0, 25.0, 0.0, 26.0, 0.0, 25.0, 0.0, 25.0, 0.0, 25.0, 0.0, 25.0, 0.0, 25.0, 0.0, 25.0, 0.0, 25.0]",26.0,11.73469387755102,12.267054783832766,25.0,"[0.0, 10.0, 0.0, 13.0, 0.0, 25.0, 0.0, 25.0, 0.0, 25.0, 0.0, 25.0, 0.0, 25.0, 0.0, 25.0, 1.0, 25.0, 0.0, 25.0, 0.0, 0.0, 25.0, 0.0, 25.0, 0.0, 25.0, 0.0, 25.0, 0.0, 25.0, 0.0, 25.0, 0.0, 26.0, 0.0, 25.0, 0.0, 25.0, 0.0, 25.0, 0.0, 25.0, 0.0, 25.0, 0.0, 25.0, 0.0, 25.0]",26.0,11.73469387755102,12.225392627899076,25.0,0.7888106377466155,3.3333333333333335,3.0,4,5,5,5,5,238,-62,-76,70,-66,66,66,-66,238,-62,1661777540.0,1661777678.5,1661777835.75,575.0,1661777540.0,1661777678.5,1661777835.75,575.0,2,1.8518518518518519,27
B,100,50,50,0.5,0.5,677.6,636.6345262393487,238.74,179.81132444871207,"[0.0, 1.0, 0.0, 2.0, 0.0, 4.0, 0.0, 6.0, 0.0, 10.0, 0.0, 0.0, 0.0, 5.0, 0.0, 25.0, 0.0, 25.0, 0.0, 20.0, 0.0, 0.0, 0.0, 5.0, 0.0, 25.0, 0.0, 25.0, 0.0, 20.0, 0.0, 0.0, 0.0, 6.0, 0.0, 10.0, 1.0, 14.0, 0.0, 45.0, 0.0, 0.0, 0.0, 30.0, 0.0, 45.0, 0.0, 0.0, 0.0]",45.0,6.612244897959184,11.64757367486695,6.0,"[0.0, 1.0, 0.0, 2.0, 0.0, 4.0, 0.0, 5.0, 1.0, 10.0, 0.0, 0.0, 0.0, 5.0, 0.0, 25.0, 0.0, 25.0, 0.0, 20.0, 0.0, 0.0, 0.0, 5.0, 0.0, 25.0, 0.0, 25.0, 0.0, 20.0, 0.0, 0.0, 0.0, 5.0, 1.0, 11.0, 0.0, 14.0, 0.0, 45.0, 0.0, 0.0, 0.0, 30.0, 0.0, 45.0, 0.0, 0.0, 0.0]",45.0,6.612244897959184,11.64757367486695,5.0,1.07496769977314,3.3333333333333335,4.0,4,5,5,5,5,424,-66,-1332,66,424,-66,-1360,66,424,-66,1661777440.0,1661777520.0,1661777606.75,324.0,1661777440.0,1661777520.0,1661777607.0,324.0,4,2.380952380952381,21
M,100,33,67,0.33,0.67,58.0,0.0,54.0,0.0,"[0.0, 0.0, 1.0, 0.0, 0.0, 0.0, 0.0, 0.0, 0.0, 0.0, 0.0, 1.0, 0.0, 0.0, 0.0, 0.0, 0.0, 0.0, 0.0, 0.0, 0.0, 1.0, 0.0, 0.0, 0.0, 0.0, 0.0, 0.0, 0.0, 0.0, 0.0, 1.0]",1.0,0.125,0.33071891388307384,0.0,"[0.0, 0.0, 0.0, 0.0, 1.0, 0.0, 0.0, 0.0, 0.0, 0.0, 0.0, 0.0, 0.0, 0.0, 0.0, 0.0, 0.0, 0.0, 0.0, 0.0, 0.0, 0.0, 0.0, 1.0, 0.0, 0.0, 0.0, 0.0, 0.0, 0.0, 0.0, 0.0, 0.0, 0.0, 0.0, 0.0, 0.0, 0.0, 0.0, 0.0, 0.0, 0.0, 0.0, 1.0, 0.0, 0.0, 0.0, 0.0, 0.0, 0.0, 0.0, 0.0, 0.0, 0.0, 0.0, 0.0, 0.0, 0.0, 0.0, 0.0, 0.0, 0.0, 0.0, 1.0, 0.0, 0.0]",1.0,0.06060606060606061,0.23860629921247914,0.0,0.7483314773547882,2.2,2.0,3,3,7,3,7,54,54,-58,-58,54,54,54,-58,54,54,1661777419.0,1661777420.0,1661777421.0,4.0,1661777419.0,1661777420.0,1661777421.0,4.0,2,1.03125,32
B,100,21,0,0.21,0.0,74.0,0.0,0.0,0.0,"[1.0, 2.0, 62.0, 1.0, 2.0, 62.0, 1.0, 2.0, 62.0, 1.0, 2.0, 62.0, 1.0, 2.0, 62.0, 1.0, 2.0, 57.0, 1.0, 2.0]",62.0,19.4,27.364941074301623,58.25,[],0.0,0.0,0.0,0.0,2.7999999999999994,1.4,0.0,7,10,0,0,0,-74,-74,-74,-74,-74,-74,-74,-74,-74,-74,1661777488.0,1661777616.0,1661777745.0,388.0,0.0,0.0,0.0,0.0,21,21.0,1
B,100,39,61,0.39,0.61,297.6666666666667,380.4205050779475,852.2786885245902,551.4107728050778,"[0.0, 0.0, 0.0, 0.0, 0.0, 0.0, 0.0, 0.0, 0.0, 0.0, 2.0, 0.0, 0.0, 0.0, 0.0, 0.0, 0.0, 0.0, 0.0, 0.0, 0.0, 0.0, 0.0, 0.0, 0.0, 0.0, 0.0, 0.0, 0.0, 0.0, 0.0, 0.0, 0.0, 0.0, 0.0, 0.0, 0.0, 0.0]",2.0,0.05263157894736842,0.3201453963314853,0.0,"[0.0, 0.0, 0.0, 0.0, 0.0, 0.0, 0.0, 0.0, 0.0, 0.0, 0.0, 2.0, 0.0, 0.0, 0.0, 0.0, 0.0, 0.0, 0.0, 0.0, 0.0, 0.0, 0.0, 0.0, 0.0, 0.0, 0.0, 0.0, 0.0, 0.0, 0.0, 0.0, 0.0, 0.0, 0.0, 0.0, 0.0, 0.0, 0.0, 0.0, 0.0, 0.0, 0.0, 0.0, 0.0, 0.0, 0.0, 0.0, 0.0, 0.0, 0.0, 0.0, 0.0, 0.0, 0.0, 0.0, 0.0, 0.0, 0.0, 28.0]",28.0,0.5,3.5893360574531514,0.0,2.3323807579381204,2.6,2.0,7,4,6,5,5,1292,120,-1292,-827,-135,-67,1292,115,75,743,1661777421.0,1661777423.0,1661777423.0,2.0,1661777423.0,1661777423.0,1661777423.0,30.0,10,3.5454545454545454,11
B,100,2,1,0.02,0.01,66.0,0.0,66.0,0.0,[44.0],44.0,44.0,0.0,44.0,[],0.0,0.0,0.0,0.0,0.4988876515698589,0.13333333333333333,0.0,2,2,1,0,0,-66,66,-66,0,0,0,0,0,0,0,1661777438.0,1661777449.0,1661777460.0,44.0,1661777427.0,1661777427.0,1661777427.0,0.0,1,1.0,2
B,100,2,2,0.02,0.02,66.0,0.0,66.0,0.0,[5.0],5.0,5.0,0.0,5.0,[5.0],5.0,5.0,0.0,5.0,0.4988876515698589,0.13333333333333333,0.0,2,2,2,0,0,-66,66,66,-66,0,0,0,0,0,0,1661777488.25,1661777489.5,1661777490.75,5.0,1661777488.25,1661777489.5,1661777490.75,5.0,1,1.0,2
B,100,7,7,0.07,0.07,738.1428571428571,559.5785221476782,80.28571428571429,15.799767500226846,"[0.0, 0.0, 0.0, 16.0, 0.0, 1.0]",16.0,2.8333333333333335,5.899623340142619,0.75,"[0.0, 0.0, 0.0, 17.0, 0.0, 0.0]",17.0,2.8333333333333335,6.335525936249404,0.0,1.203698005684519,0.4666666666666667,0.0,4,6,4,0,0,-751,-1478,78,66,-1478,104,78,-66,-362,-966,1661777507.0,1661777507.0,1661777523.0,17.0,1661777507.0,1661777507.0,1661777524.0,17.0,3,1.75,4
B,100,23,25,0.23,0.25,374.95652173913044,515.7770396512236,497.12,554.2511575089402,"[0.0, 0.0, 0.0, 0.0, 0.0, 0.0, 0.0, 0.0, 0.0, 0.0, 0.0, 0.0, 0.0, 0.0, 0.0, 0.0, 0.0, 0.0, 0.0, 0.0, 0.0, 10.0]",10.0,0.45454545454545453,2.0829889522526543,0.0,"[0.0, 0.0, 0.0, 0.0, 0.0, 0.0, 0.0, 0.0, 0.0, 0.0, 0.0, 0.0, 0.0, 0.0, 0.0, 0.0, 0.0, 0.0, 0.0, 0.0, 0.0, 0.0, 0.0, 10.0]",10.0,0.4166666666666667,1.9982631347136333,0.0,2.2171052197754517,1.5333333333333334,0.0,7,4,6,0,0,1292,74,-74,120,-1292,-828,-113,66,583,1292,1661777508.0,1661777508.0,1661777508.0,10.0,1661777508.0,1661777508.0,1661777508.0,10.0,13,4.6,5
B,100,7,7,0.07,0.07,166.57142857142858,51.51936430080619,83.42857142857143,6.433331570970116,"[0.0, 187.0, 0.0, 2.0, 111.0, 0.0]",187.0,50.0,73.36438736426096,83.75,"[0.0, 187.0, 0.0, 2.0, 111.0, 0.0]",187.0,50.0,73.36438736426096,83.75,1.203698005684519,0.4666666666666667,0.0,4,5,5,0,0,89,-150,89,-150,76,76,-292,-137,76,-137,1661777623.5,1661777717.0,1661777774.5,300.0,1661777623.5,1661777717.0,1661777774.5,300.0,2,1.1666666666666667,6
B,100,1,1,0.01,0.01,90.0,0.0,90.0,0.0,[],0.0,0.0,0.0,0.0,[],0.0,0.0,0.0,0.0,0.24944382578492946,0.06666666666666667,0.0,1,1,1,0,0,90,-90,0,0,0,0,0,0,0,0,1661777534.0,1661777534.0,1661777534.0,0.0,1661777534.0,1661777534.0,1661777534.0,0.0,1,1.0,1
B,100,25,17,0.25,0.17,1032.48,477.6889464913334,164.05882352941177,286.15246256831347,"[0.0, 0.0, 0.0, 0.0, 0.0, 0.0, 0.0, 0.0, 0.0, 0.0, 0.0, 0.0, 0.0, 0.0, 0.0, 0.0, 0.0, 0.0, 0.0, 0.0, 0.0, 0.0, 0.0, 0.0]",0.0,0.0,0.0,0.0,"[0.0, 0.0, 0.0, 0.0, 0.0, 0.0, 0.0, 0.0, 0.0, 0.0, 0.0, 0.0, 0.0, 0.0, 0.0, 0.0]",0.0,0.0,0.0,0.0,2.599145158615723,1.6666666666666667,0.0,7,7,3,0,0,1292,120,279,-1292,-822,-113,-67,-67,-1288,-1292,1661777603.0,1661777603.0,1661777603.0,0.0,1661777603.0,1661777603.0,1661777603.0,0.0,23,12.5,2
B,100,48,52,0.48,0.52,391.2916666666667,453.88746578554264,638.2692307692307,561.4026086982981,"[0.0, 0.0, 0.0, 0.0, 0.0, 0.0, 0.0, 0.0, 0.0, 0.0, 30.0, 0.0, 0.0, 0.0, 0.0, 0.0, 0.0, 0.0, 0.0, 0.0, 0.0, 0.0, 23.0, 0.0, 0.0, 0.0, 0.0, 7.0, 0.0, 0.0, 0.0, 0.0, 1.0, 30.0, 0.0, 0.0, 0.0, 0.0, 0.0, 0.0, 0.0, 0.0, 0.0, 0.0, 30.0, 0.0, 0.0]",30.0,2.574468085106383,7.94594686148713,0.0,"[0.0, 0.0, 0.0, 0.0, 0.0, 0.0, 0.0, 0.0, 0.0, 0.0, 0.0, 30.0, 0.0, 0.0, 0.0, 0.0, 0.0, 0.0, 0.0, 0.0, 0.0, 0.0, 0.0, 22.0, 0.0, 0.0, 0.0, 1.0, 0.0, 7.0, 0.0, 0.0, 0.0, 0.0, 0.0, 0.0, 0.0, 31.0, 0.0, 0.0, 0.0, 0.0, 0.0, 0.0, 0.0, 0.0, 0.0, 0.0, 0.0, 30.0, 0.0]",31.0,2.372549019607843,7.679769155828369,0.0,1.557776192739723,3.2,4.0,6,4,6,5,5,1292,122,-1292,-824,-138,-67,1292,115,75,744,1661777723.0,1661777746.0,1661777784.0,121.0,1661777723.0,1661777745.0,1661777784.0,121.0,6,3.2,15
B,100,5,11,0.05,0.11,97.2,58.48213402399061,79.36363636363636,23.61152541093872,"[0.0, 0.0, 0.0, 0.0]",0.0,0.0,0.0,0.0,"[1.0, 2.0, 4.0, 8.0, 5.0, 0.0, 0.0, 0.0, 0.0, 0.0]",8.0,2.0,2.6457513110645907,3.5,0.7888106377466153,0.3333333333333333,0.0,3,2,8,0,0,74,74,74,74,74,74,-74,66,153,-66,1661777717.0,1661777717.0,1661777717.0,0.0,1661777702.0,1661777717.0,1661777717.0,20.0,3,1.6666666666666667,3
B,100,6,0,0.06,0.0,74.0,0.0,0.0,0.0,"[1.0, 2.0, 62.0, 1.0, 2.0]",62.0,13.6,24.20413187866898,2.0,[],0.0,0.0,0.0,0.0,1.4966629547095758,0.4,0.0,6,6,0,0,0,-74,-74,-74,-74,-74,-74,0,0,0,0,1661777871.5,1661777904.0,1661777935.75,68.0,0.0,0.0,0.0,0.0,6,6.0,1
B,100,2,0,0.02,0.0,60.0,0.0,0.0,0.0,[0.0],0.0,0.0,0.0,0.0,[],0.0,0.0,0.0,0.0,0.4988876515698589,0.13333333333333333,0.0,2,2,0,0,0,-60,-60,0,0,0,0,0,0,0,0,1661777982.0,1661777982.0,1661777982.0,0.0,0.0,0.0,0.0,0.0,2,2.0,1
B,100,24,0,0.24,0.0,74.0,0.0,0.0,0.0,"[1.0, 2.0, 62.0, 1.0, 2.0, 62.0, 1.0, 2.0, 62.0, 1.0, 2.0, 62.0, 1.0, 2.0, 62.0, 1.0, 2.0, 62.0, 1.0, 2.0, 62.0, 1.0, 2.0]",62.0,19.91304347826087,27.841028597125064,62.0,[],0.0,0.0,0.0,0.0,2.8000000000000003,1.6,0.0,7,10,0,0,0,-74,-74,-74,-74,-74,-74,-74,-74,-74,-74,1661778114.5,1661778229.0,1661778343.5,458.0,0.0,0.0,0.0,0.0,24,24.0,1
B,100,47,47,0.47,0.47,107.36170212765957,11.501018515331392,180.46808510638297,267.1119656116681,"[19.0, 2.0, 0.0, 10.0, 1.0, 0.0, 26.0, 3.0, 28.0, 2.0, 29.0, 2.0, 12.0, 0.0, 10.0, 0.0, 8.0, 22.0, 8.0, 24.0, 7.0, 24.0, 6.0, 25.0, 6.0, 24.0, 6.0, 13.0, 0.0, 16.0, 0.0, 1.0, 4.0, 27.0, 4.0, 26.0, 6.0, 25.0, 6.0, 2.0, 0.0, 10.0, 0.0, 12.0, 19.0, 11.0]",29.0,10.565217391304348,9.674377126142437,19.0,"[19.0, 2.0, 0.0, 10.0, 1.0, 0.0, 26.0, 3.0, 28.0, 2.0, 29.0, 2.0, 12.0, 0.0, 10.0, 0.0, 8.0, 22.0, 8.0, 24.0, 7.0, 24.0, 6.0, 25.0, 6.0, 24.0, 6.0, 13.0, 0.0, 16.0, 1.0, 0.0, 4.0, 27.0, 4.0, 26.0, 6.0, 25.0, 6.0, 2.0, 0.0, 10.0, 0.0, 12.0, 19.0, 11.0]",29.0,10.565217391304348,9.674377126142437,19.0,1.1469767022723503,3.1333333333333333,3.0,4,5,5,2,2,118,-114,-94,98,-122,1054,-118,66,118,-114,1661778122.0,1661778244.0,1661778368.0,486.0,1661778122.0,1661778244.0,1661778368.0,486.0,2,1.5161290322580645,31
B,100,94,6,0.94,0.06,1220.7446808510638,258.8979892828166,669.6666666666666,448.1382475184292,"[0.0, 0.0, 0.0, 0.0, 0.0, 0.0, 0.0, 0.0, 0.0, 0.0, 0.0, 0.0, 0.0, 0.0, 0.0, 0.0, 0.0, 0.0, 0.0, 0.0, 0.0, 0.0, 0.0, 0.0, 0.0, 0.0, 0.0, 0.0, 0.0, 0.0, 0.0, 0.0, 0.0, 0.0, 0.0, 0.0, 0.0, 0.0, 0.0, 0.0, 0.0, 0.0, 0.0, 0.0, 0.0, 0.0, 0.0, 0.0, 5.0, 0.0, 0.0, 0.0, 0.0, 0.0, 0.0, 0.0, 0.0, 0.0, 0.0, 0.0, 0.0, 0.0, 0.0, 0.0, 0.0, 0.0, 0.0, 0.0, 0.0, 0.0, 0.0, 0.0, 0.0, 0.0, 0.0, 0.0, 0.0, 0.0, 0.0, 0.0, 0.0, 0.0, 0.0, 0.0, 0.0, 0.0, 0.0, 0.0, 0.0, 0.0, 0.0, 0.0, 0.0]",5.0,0.053763440860215055,0.5156808089583571,0.0,"[0.0, 0.0, 0.0, 0.0, 0.0]",0.0,0.0,0.0,0.0,1.6918103387266026,6.266666666666667,7.0,7,10,0,10,0,-316,-120,-1292,-1292,-1292,-1292,-1292,-1292,-1292,-1292,1661778002.0,1661778002.0,1661778007.0,5.0,1661778002.0,1661778002.0,1661778002.0,0.0,48,47.0,2
B,100,57,43,0.57,0.43,80.12280701754386,19.651409641361163,236.7906976744186,216.9914324896996,"[0.0, 0.0, 0.0, 2.0, 0.0, 0.0, 0.0, 0.0, 0.0, 0.0, 2.0, 0.0, 0.0, 0.0, 4.0, 0.0, 0.0, 1.0, 13.0, 0.0, 0.0, 0.0, 8.0, 0.0, 0.0, 0.0, 2.0, 0.0, 0.0, 0.0, 0.0, 0.0, 0.0, 2.0, 0.0, 0.0, 0.0, 4.0, 0.0, 0.0, 0.0, 14.0, 0.0, 0.0, 0.0, 8.0, 0.0, 0.0, 1.0, 1.0, 0.0, 0.0, 0.0, 0.0, 0.0, 0.0]",14.0,1.1071428571428572,2.9135065485018674,0.0,"[0.0, 0.0, 2.0, 0.0, 0.0, 0.0, 0.0, 2.0, 0.0, 0.0, 4.0, 0.0, 0.0, 14.0, 0.0, 0.0, 8.0, 0.0, 0.0, 2.0, 0.0, 0.0, 0.0, 0.0, 2.0, 0.0, 0.0, 4.0, 0.0, 0.0, 14.0, 0.0, 0.0, 0.0, 8.0, 0.0, 1.0, 1.0, 0.0, 0.0, 0.0, 0.0]",14.0,1.4761904761904763,3.375246694603686,1.0,1.3759844960366863,3.8,4.0,6,5,5,7,3,521,-73,-117,-67,81,75,-67,522,526,-73,1661778006.0,1661778034.0,1661778054.0,62.0,1661778008.0,1661778034.0,1661778054.0,62.0,7,2.4782608695652173,23
B,100,40,40,0.4,0.4,96.4,1.9595917942265424,100.4,1.9595917942265424,"[8.0, 13.0, 18.0, 4.0, 21.0, 6.0, 15.0, 15.0, 7.0, 22.0, 2.0, 19.0, 12.0, 9.0, 21.0, 0.0, 22.0, 9.0, 12.0, 20.0, 1.0, 21.0, 9.0, 13.0, 18.0, 3.0, 21.0, 8.0, 14.0, 17.0, 4.0, 22.0, 5.0, 16.0, 15.0, 6.0, 21.0, 4.0, 18.0]",22.0,12.58974358974359,6.848986257452018,18.5,"[8.0, 13.0, 18.0, 4.0, 21.0, 6.0, 15.0, 15.0, 7.0, 22.0, 2.0, 19.0, 12.0, 9.0, 21.0, 0.0, 22.0, 9.0, 12.0, 20.0, 1.0, 21.0, 9.0, 13.0, 18.0, 3.0, 21.0, 8.0, 14.0, 17.0, 4.0, 22.0, 5.0, 16.0, 15.0, 6.0, 21.0, 4.0, 18.0]",22.0,12.58974358974359,6.848986257452018,18.5,1.5347819244295118,2.6666666666666665,3.0,4,5,5,0,0,102,-98,-94,98,102,-98,-94,98,102,-98,1661778129.5,1661778251.0,1661778373.25,491.0,1661778129.5,1661778251.0,1661778373.25,491.0,2,1.6666666666666667,24
B,100,45,55,0.45,0.55,522.3333333333334,531.2477555508144,314.2,438.5484486555411,"[31.0, 0.0, 0.0, 0.0, 0.0, 0.0, 1.0, 30.0, 0.0, 0.0, 0.0, 45.0, 0.0, 0.0, 0.0, 0.0, 0.0, 0.0, 30.0, 0.0, 0.0, 0.0, 0.0, 45.0, 0.0, 0.0, 0.0, 0.0, 30.0, 0.0, 0.0, 0.0, 46.0, 0.0, 0.0, 0.0, 0.0, 0.0, 0.0, 30.0, 0.0, 0.0, 0.0, 0.0]",46.0,6.545454545454546,14.17657245640039,0.0,"[31.0, 0.0, 0.0, 1.0, 0.0, 0.0, 0.0, 0.0, 30.0, 0.0, 0.0, 0.0, 0.0, 45.0, 0.0, 0.0, 0.0, 0.0, 0.0, 0.0, 0.0, 30.0, 0.0, 0.0, 0.0, 0.0, 45.0, 0.0, 0.0, 0.0, 0.0, 0.0, 0.0, 30.0, 0.0, 0.0, 0.0, 0.0, 45.0, 0.0, 0.0, 1.0, 0.0, 0.0, 0.0, 0.0, 30.0, 0.0, 0.0, 0.0, 0.0, 45.0, 0.0, 0.0]",45.0,6.166666666666667,14.0168549333373,0.0,1.3165611772087666,3.0,3.0,6,6,4,4,6,-66,66,1292,278,162,-1292,-62,-1066,-60,-787,1661778073.0,1661778148.0,1661778269.0,288.0,1661778095.5,1661778193.0,1661778268.0,333.0,6,2.6470588235294117,17
B,100,48,52,0.48,0.52,247.08333333333334,397.22049047796565,100.03846153846153,55.80080008333957,"[5.0, 0.0, 0.0, 8.0, 0.0, 0.0, 0.0, 0.0, 0.0, 15.0, 5.0, 0.0, 0.0, 24.0, 0.0, 0.0, 0.0, 0.0, 0.0, 0.0, 15.0, 5.0, 0.0, 0.0, 0.0, 0.0, 139.0, 0.0, 0.0, 0.0, 1.0, 0.0, 15.0, 5.0, 0.0, 0.0, 50.0, 0.0, 0.0, 0.0, 0.0, 0.0, 0.0, 15.0, 5.0, 0.0, 0.0]",139.0,6.531914893617022,21.378902967127743,5.0,"[5.0, 0.0, 0.0, 8.0, 0.0, 0.0, 0.0, 0.0, 0.0, 0.0, 15.0, 5.0, 0.0, 1.0, 23.0, 0.0, 0.0, 0.0, 0.0, 0.0, 0.0, 0.0, 0.0, 15.0, 5.0, 0.0, 0.0, 0.0, 0.0, 139.0, 0.0, 0.0, 0.0, 0.0, 1.0, 0.0, 15.0, 5.0, 0.0, 0.0, 50.0, 0.0, 0.0, 0.0, 0.0, 0.0, 0.0, 0.0, 15.0, 5.0, 0.0]",139.0,6.019607843137255,20.576485909776544,3.0,0.7483314773547882,3.2,3.0,5,5,5,5,5,66,-66,66,97,-78,-66,-66,66,74,-74,1661778045.0,1661778089.0,1661778249.0,307.0,1661778045.0,1661778089.0,1661778249.0,307.0,4,1.7142857142857142,28
B,100,40,40,0.4,0.4,69.0,7.0,151.275,81.32188742890808,"[0.0, 26.0, 0.0, 25.0, 0.0, 25.0, 0.0, 25.0, 0.0, 25.0, 0.0, 25.0, 0.0, 25.0, 0.0, 25.0, 0.0, 25.0, 0.0, 26.0, 0.0, 25.0, 0.0, 25.0, 0.0, 25.0, 0.0, 25.0, 0.0, 25.0, 0.0, 25.0, 0.0, 25.0, 0.0, 25.0, 0.0, 25.0, 0.0]",26.0,12.23076923076923,12.550332590263604,25.0,"[0.0, 26.0, 0.0, 25.0, 0.0, 25.0, 0.0, 25.0, 0.0, 25.0, 0.0, 25.0, 0.0, 25.0, 0.0, 25.0, 0.0, 25.0, 0.0, 26.0, 0.0, 25.0, 0.0, 25.0, 0.0, 25.0, 0.0, 25.0, 0.0, 25.0, 0.0, 25.0, 0.0, 25.0, 0.0, 25.0, 0.0, 25.0, 1.0]",26.0,12.256410256410257,12.526316807216979,25.0,1.4452988925785866,2.6666666666666665,3.0,4,5,5,0,0,230,-62,-76,70,238,-62,-76,70,238,-62,1661778136.75,1661778256.0,1661778375.25,477.0,1661778136.75,1661778256.0,1661778375.25,478.0,2,2.0,20
B,100,41,41,0.41,0.41,69.17073170731707,6.997917596265092,147.90243902439025,79.68193016017597,"[0.0, 26.0, 0.0, 25.0, 0.0, 25.0, 0.0, 25.0, 0.0, 25.0, 0.0, 25.0, 0.0, 25.0, 0.0, 25.0, 0.0, 25.0, 0.0, 26.0, 0.0, 0.0, 25.0, 0.0, 25.0, 0.0, 25.0, 0.0, 25.0, 0.0, 25.0, 0.0, 25.0, 0.0, 25.0, 0.0, 25.0, 0.0, 25.0, 0.0]",26.0,11.925,12.53871504580912,25.0,"[0.0, 26.0, 0.0, 25.0, 0.0, 25.0, 0.0, 25.0, 0.0, 25.0, 0.0, 25.0, 0.0, 25.0, 0.0, 25.0, 0.0, 25.0, 0.0, 26.0, 0.0, 0.0, 25.0, 0.0, 25.0, 0.0, 25.0, 0.0, 25.0, 0.0, 25.0, 0.0, 25.0, 0.0, 25.0, 0.0, 25.0, 0.0, 25.0, 1.0]",26.0,11.95,12.515889900442556,25.0,1.4817407180595246,2.7333333333333334,3.0,4,5,5,0,0,229,-62,-76,70,229,-62,-76,70,229,-62,1661778143.0,1661778269.0,1661778369.0,477.0,1661778143.0,1661778269.0,1661778369.0,478.0,2,1.9523809523809523,21
B,100,5,5,0.05,0.05,184.2,68.39999999999999,89.0,0.0,"[113.0, 0.0, 300.0, 0.0]",300.0,103.25,122.60378256807577,159.75,"[113.0, 0.0, 300.0, 0.0]",300.0,103.25,122.60378256807577,159.75,0.869226987360353,0.3333333333333333,0.0,3,5,5,0,0,89,-321,89,-150,89,-150,89,-150,89,-150,1661778135.0,1661778135.0,1661778435.0,413.0,1661778135.0,1661778135.0,1661778435.0,413.0,1,1.0,5
B,100,10,15,0.1,0.15,97.2,58.48213402399062,87.13333333333334,33.21820116877024,"[1.0, 0.0, 0.0, 0.0, 301.0, 0.0, 0.0, 0.0, 0.0]",301.0,33.55555555555556,94.55640422650872,0.0,"[0.0, 0.0, 1.0, 0.0, 0.0, 0.0, 295.0, 2.0, 4.0, 0.0, 0.0, 0.0, 0.0, 0.0]",295.0,21.571428571428573,75.84355541480888,0.75,1.2472191289246468,0.6666666666666666,0.0,4,4,6,0,0,74,-74,66,153,153,-66,-214,-66,78,66,1661778023.0,1661778173.5,1661778324.0,302.0,1661778023.0,1661778318.0,1661778324.0,302.0,3,1.6666666666666667,6
B,100,50,50,0.5,0.5,413.5,468.7980908664198,653.54,561.8459294148174,"[0.0, 0.0, 0.0, 1.0, 0.0, 0.0, 0.0, 0.0, 0.0, 0.0, 30.0, 0.0, 0.0, 0.0, 0.0, 0.0, 0.0, 0.0, 0.0, 0.0, 0.0, 0.0, 30.0, 0.0, 0.0, 0.0, 0.0, 0.0, 0.0, 0.0, 0.0, 0.0, 0.0, 30.0, 0.0, 0.0, 0.0, 0.0, 0.0, 0.0, 0.0, 0.0, 0.0, 0.0, 0.0, 30.0, 0.0, 0.0, 0.0]",30.0,2.4693877551020407,8.209258190197177,0.0,"[0.0, 1.0, 0.0, 0.0, 0.0, 0.0, 0.0, 0.0, 0.0, 0.0, 0.0, 30.0, 0.0, 0.0, 0.0, 0.0, 0.0, 0.0, 0.0, 0.0, 0.0, 0.0, 30.0, 0.0, 0.0, 0.0, 0.0, 0.0, 0.0, 0.0, 0.0, 0.0, 0.0, 0.0, 30.0, 0.0, 0.0, 0.0, 0.0, 0.0, 0.0, 0.0, 0.0, 0.0, 0.0, 30.0, 0.0, 0.0, 0.0]",30.0,2.4693877551020407,8.209258190197177,0.0,1.7384539747207062,3.3333333333333335,4.0,7,4,6,5,5,1292,119,-1292,-829,-133,-67,1292,115,75,744,1661778056.0,1661778086.0,1661778116.0,121.0,1661778056.0,1661778086.0,1661778116.0,121.0,7,3.5714285714285716,14
B,100,8,12,0.08,0.12,60.0,0.0,67.33333333333333,4.714045207910317,"[60.0, 60.0, 60.0, 60.0, 60.0, 60.0, 60.0]",60.0,60.0,0.0,60.0,"[30.0, 0.0, 30.0, 60.0, 60.0, 60.0, 20.0, 0.0, 40.0, 60.0, 60.0]",60.0,38.18181818181818,22.89032420366213,60.0,1.0873004286866723,0.5333333333333333,0.0,3,4,6,0,0,64,-60,74,74,64,-60,64,-60,64,-60,1661778144.0,1661778249.0,1661778354.0,420.0,1661778091.5,1661778249.0,1661778309.0,420.0,1,1.0,8
B,100,13,17,0.13,0.17,168.30769230769232,169.24646780333507,210.47058823529412,295.39447556406947,"[0.0, 0.0, 0.0, 0.0, 0.0, 0.0, 0.0, 0.0, 0.0, 240.0, 0.0, 0.0]",240.0,20.0,66.332495807108,0.0,"[0.0, 0.0, 0.0, 0.0, 0.0, 0.0, 0.0, 0.0, 0.0, 0.0, 0.0, 0.0, 0.0, 240.0, 0.0, 0.0]",240.0,15.0,58.09475019311125,0.0,1.3597385369580761,0.8666666666666667,0.0,4,4,6,0,0,74,-74,66,638,-66,-278,66,130,127,-680,1661778229.0,1661778229.0,1661778229.0,240.0,1661778229.0,1661778229.0,1661778229.0,240.0,4,2.1666666666666665,6
B,100,50,50,0.5,0.5,422.04,465.67086917693274,653.72,561.6983190289963,"[0.0, 0.0, 0.0, 0.0, 0.0, 0.0, 0.0, 0.0, 0.0, 0.0, 0.0, 30.0, 0.0, 0.0, 0.0, 0.0, 0.0, 0.0, 0.0, 0.0, 0.0, 0.0, 30.0, 0.0, 0.0, 0.0, 0.0, 0.0, 0.0, 0.0, 0.0, 0.0, 0.0, 30.0, 0.0, 0.0, 0.0, 0.0, 0.0, 0.0, 0.0, 1.0, 0.0, 0.0, 0.0, 30.0, 0.0, 0.0, 0.0]",30.0,2.4693877551020407,8.209258190197177,0.0,"[0.0, 0.0, 0.0, 0.0, 0.0, 0.0, 0.0, 0.0, 0.0, 0.0, 30.0, 0.0, 0.0, 0.0, 0.0, 0.0, 0.0, 0.0, 0.0, 0.0, 0.0, 0.0, 30.0, 0.0, 0.0, 0.0, 0.0, 0.0, 0.0, 0.0, 0.0, 0.0, 0.0, 0.0, 30.0, 0.0, 0.0, 0.0, 0.0, 0.0, 0.0, 0.0, 1.0, 0.0, 0.0, 30.0, 0.0, 0.0, 0.0]",30.0,2.4693877551020407,8.209258190197177,0.0,1.5347819244295116,3.3333333333333335,4.0,6,4,6,5,5,1292,120,-1292,-832,-130,-67,1292,75,744,1288,1661778358.0,1661778388.0,1661778418.0,121.0,1661778358.0,1661778388.0,1661778418.0,121.0,7,3.5714285714285716,14
B,100,2,2,0.02,0.02,79.0,13.0,79.0,13.0,[0.0],0.0,0.0,0.0,0.0,[0.0],0.0,0.0,0.0,0.0,0.4988876515698589,0.13333333333333333,0.0,2,2,2,0,0,92,-66,-92,66,0,0,0,0,0,0,1661778364.0,1661778364.0,1661778364.0,0.0,1661778364.0,1661778364.0,1661778364.0,0.0,2,2.0,1
B,100,13,16,0.13,0.16,391.7692307692308,498.2196231577077,103.5625,59.21884069913899,"[5.0, 0.0, 0.0, 59.0, 0.0, 0.0, 0.0, 0.0, 0.0, 0.0, 15.0, 1.0]",59.0,6.666666666666667,16.326529195011275,2.0,"[5.0, 0.0, 0.0, 59.0, 0.0, 0.0, 0.0, 0.0, 0.0, 0.0, 0.0, 0.0, 15.0, 1.0, 0.0]",59.0,5.333333333333333,14.84437791069587,0.5,1.4544949486180954,0.8666666666666667,0.0,4,5,5,0,0,66,-66,66,97,-78,-66,-66,66,78,-74,1661513315.0,1661513374.0,1661513374.0,80.0,1661513359.25,1661513374.0,1661513374.0,80.0,4,1.625,8
B,100,22,24,0.22,0.24,400.0,476.5522007083799,216.70833333333334,359.2804706593753,"[0.0, 2.0, 0.0, 0.0, 0.0, 0.0, 0.0, 0.0, 0.0, 0.0, 0.0, 76.0, 0.0, 0.0, 0.0, 0.0, 0.0, 0.0, 0.0, 0.0, 0.0]",76.0,3.7142857142857144,16.169173660727015,0.0,"[0.0, 2.0, 0.0, 0.0, 0.0, 0.0, 0.0, 0.0, 0.0, 0.0, 0.0, 0.0, 76.0, 0.0, 0.0, 0.0, 0.0, 0.0, 0.0, 0.0, 0.0, 0.0, 0.0]",76.0,3.391304347826087,15.485586932580333,0.0,1.9955506062794357,1.4666666666666666,0.0,6,4,6,0,0,66,97,-54,-54,1392,270,163,171,-1392,-62,1661513312.0,1661513312.0,1661513388.0,78.0,1661513312.0,1661513312.0,1661513388.0,78.0,8,4.4,5
B,100,2,2,0.02,0.02,54.0,0.0,81.5,15.5,[0.0],0.0,0.0,0.0,0.0,[0.0],0.0,0.0,0.0,0.0,0.4988876515698589,0.13333333333333333,0.0,2,2,2,0,0,66,97,-54,-54,0,0,0,0,0,0,1661513311.0,1661513311.0,1661513311.0,0.0,1661513311.0,1661513311.0,1661513311.0,0.0,2,2.0,1
B,100,12,14,0.12,0.14,418.1666666666667,509.2286377999135,108.64285714285714,61.61355039142555,"[0.0, 0.0, 0.0, 0.0, 0.0, 0.0, 1.0, 15.0, 5.0, 0.0, 0.0]",15.0,1.9090909090909092,4.3787616650153804,0.5,"[0.0, 0.0, 0.0, 0.0, 0.0, 0.0, 0.0, 1.0, 0.0, 15.0, 5.0, 0.0, 0.0]",15.0,1.6153846153846154,4.086346149321055,0.0,1.3759844960366863,0.8,0.0,4,5,5,0,0,74,-74,66,201,-66,-616,-1478,-1478,78,66,1661513311.0,1661513311.0,1661513328.25,21.0,1661513311.0,1661513311.0,1661513323.25,21.0,4,1.7142857142857142,7
B,100,59,41,0.59,0.41,60.0,0.0,64.97560975609755,2.9672012342918146,"[0.0, 0.0, 0.0, 1.0, 1.0, 0.0, 2.0, 0.0, 3.0, 0.0, 2.0, 0.0, 2.0, 0.0, 0.0, 1.0, 1.0, 0.0, 2.0, 0.0, 2.0, 0.0, 2.0, 0.0, 2.0, 0.0, 3.0, 0.0, 2.0, 0.0, 2.0, 0.0, 2.0, 0.0, 0.0, 1.0, 2.0, 0.0, 2.0, 0.0, 2.0, 0.0, 2.0, 0.0, 2.0, 0.0, 0.0, 2.0, 0.0, 2.0, 0.0, 3.0, 0.0, 2.0, 0.0, 2.0, 0.0, 0.0]",3.0,0.896551724137931,1.028719578632848,2.0,"[0.0, 0.0, 2.0, 3.0, 2.0, 2.0, 2.0, 2.0, 2.0, 0.0, 0.0, 0.0, 0.0, 2.0, 2.0, 2.0, 3.0, 0.0, 0.0, 1.0, 0.0, 0.0, 0.0, 1.0, 2.0, 2.0, 3.0, 2.0, 2.0, 2.0, 2.0, 2.0, 3.0, 0.0, 0.0, 0.0, 0.0, 2.0, 2.0, 2.0]",3.0,1.3,1.0770329614269007,2.0,1.2892719737209144,3.933333333333333,5.0,5,7,3,7,3,74,74,-60,-60,-60,-60,64,-60,-60,-60,1661513322.0,1661513337.0,1661513350.0,52.0,1661513326.0,1661513336.0,1661513350.0,52.0,4,2.36,25
B,100,8,5,0.08,0.05,91.0,21.737065119284157,468.2,540.2597153221773,"[0.0, 0.0, 0.0, 0.0, 0.0, 0.0, 0.0]",0.0,0.0,0.0,0.0,"[0.0, 0.0, 0.0, 0.0]",0.0,0.0,0.0,0.0,1.3597385369580757,0.5333333333333333,0.0,4,7,3,0,0,1478,587,105,-105,-78,-78,-66,-133,-97,-105,1661513311.0,1661513311.0,1661513311.0,0.0,1661513311.0,1661513311.0,1661513311.0,0.0,7,4.0,2
B,100,45,55,0.45,0.55,437.77777777777777,536.4466169522427,697.6545454545454,583.0236925852178,"[0.0, 0.0, 0.0, 2.0, 0.0, 0.0, 0.0, 2.0, 0.0, 0.0, 0.0, 3.0, 0.0, 0.0, 0.0, 2.0, 0.0, 0.0, 0.0, 0.0, 2.0, 0.0, 0.0, 0.0, 0.0, 0.0, 0.0, 2.0, 0.0, 0.0, 0.0, 2.0, 0.0, 0.0, 0.0, 0.0, 3.0, 0.0, 0.0, 0.0, 2.0, 0.0, 0.0, 0.0]",3.0,0.45454545454545453,0.9158837127095403,0.0,"[0.0, 0.0, 0.0, 0.0, 2.0, 0.0, 0.0, 0.0, 0.0, 2.0, 0.0, 0.0, 0.0, 1.0, 2.0, 0.0, 0.0, 0.0, 0.0, 2.0, 0.0, 0.0, 0.0, 0.0, 2.0, 0.0, 0.0, 0.0, 0.0, 0.0, 0.0, 0.0, 0.0, 0.0, 2.0, 0.0, 0.0, 0.0, 0.0, 2.0, 0.0, 0.0, 0.0, 0.0, 2.0, 0.0, 0.0, 0.0, 1.0, 2.0, 0.0, 0.0, 0.0, 0.0]",2.0,0.37037037037037035,0.7526815345519104,0.0,1.0327955589886444,3.0,3.0,5,4,6,4,6,160,1392,1392,493,-68,-1392,-197,-77,75,160,1661513315.0,1661513322.0,1661513326.0,20.0,1661513315.5,1661513322.0,1661513326.0,20.0,7,4.5,10
B,100,55,45,0.55,0.45,253.70909090909092,431.93693448453877,556.7333333333333,620.6817542025864,"[0.0, 0.0, 0.0, 0.0, 0.0, 0.0, 0.0, 0.0, 2.0, 0.0, 0.0, 0.0, 0.0, 0.0, 0.0, 0.0, 0.0, 2.0, 0.0, 0.0, 0.0, 1.0, 0.0, 0.0, 0.0, 0.0, 2.0, 0.0, 0.0, 0.0, 0.0, 0.0, 0.0, 0.0, 0.0, 2.0, 0.0, 0.0, 0.0, 0.0, 0.0, 0.0, 0.0, 0.0, 2.0, 0.0, 0.0, 0.0, 0.0, 0.0, 0.0, 0.0, 0.0, 0.0]",2.0,0.2037037037037037,0.5894011282533165,0.0,"[0.0, 0.0, 0.0, 0.0, 0.0, 0.0, 2.0, 0.0, 0.0, 0.0, 0.0, 0.0, 0.0, 2.0, 0.0, 0.0, 0.0, 1.0, 0.0, 0.0, 2.0, 0.0, 0.0, 0.0, 0.0, 0.0, 0.0, 2.0, 0.0, 0.0, 0.0, 0.0, 0.0, 0.0, 2.0, 0.0, 0.0, 0.0, 0.0, 0.0, 0.0, 0.0, 0.0, 0.0]",2.0,0.25,0.6440285143320343,0.0,2.0548046676563256,3.6666666666666665,3.0,7,6,4,4,6,176,1478,1478,294,-66,-66,-66,-66,-243,-1478,1661513313.0,1661513318.0,1661513320.0,11.0,1661513313.0,1661513318.0,1661513320.0,11.0,8,4.230769230769231,13
B,100,51,43,0.51,0.43,176.64705882352942,212.83748965150244,443.2093023255814,558.2856465728639,"[0.0, 0.0, 0.0, 0.0, 0.0, 0.0, 0.0, 0.0, 1.0, 0.0, 0.0, 0.0, 0.0, 0.0, 0.0, 0.0, 29.0, 0.0, 0.0, 0.0, 0.0, 0.0, 0.0, 0.0, 0.0, 1.0, 0.0, 0.0, 0.0, 0.0, 0.0, 0.0, 0.0, 29.0, 0.0, 0.0, 0.0, 0.0, 0.0, 0.0, 0.0, 1.0, 0.0, 0.0, 0.0, 0.0, 0.0, 0.0, 0.0, 0.0]",29.0,1.22,5.675526407303555,0.0,"[0.0, 0.0, 0.0, 0.0, 0.0, 0.0, 1.0, 0.0, 0.0, 0.0, 0.0, 29.0, 0.0, 0.0, 0.0, 0.0, 0.0, 0.0, 0.0, 0.0, 1.0, 0.0, 0.0, 0.0, 0.0, 0.0, 0.0, 0.0, 29.0, 0.0, 0.0, 0.0, 0.0, 0.0, 0.0, 0.0, 0.0, 1.0, 0.0, 0.0, 0.0, 0.0]",29.0,1.4523809523809523,6.165195632598256,0.0,1.9933221850301404,3.4,4.0,7,6,4,2,2,172,105,1478,1164,-66,-66,-105,-66,-243,-621,1661513312.0,1661513341.0,1661513371.0,61.0,1661513312.0,1661513342.0,1661513371.0,61.0,8,4.25,12
B,100,16,17,0.16,0.17,326.125,464.9479641583561,102.23529411764706,57.95589541322599,"[0.0, 0.0, 24.0, 0.0, 0.0, 0.0, 0.0, 0.0, 0.0, 3.0, 0.0, 15.0, 5.0, 0.0, 0.0]",24.0,3.1333333333333333,6.771180760317131,1.5,"[0.0, 0.0, 24.0, 0.0, 0.0, 0.0, 0.0, 0.0, 0.0, 0.0, 3.0, 0.0, 15.0, 5.0, 0.0, 0.0]",24.0,2.9375,6.5998934650492656,0.75,1.6110727964792764,1.0666666666666667,0.0,5,4,6,0,0,66,97,-78,-66,-66,66,74,-74,66,201,1661513335.0,1661513335.0,1661513341.75,47.0,1661513335.0,1661513335.0,1661513338.0,47.0,4,2.0,8
B,100,2,2,0.02,0.02,54.0,0.0,78.0,12.0,[0.0],0.0,0.0,0.0,0.0,[0.0],0.0,0.0,0.0,0.0,0.4988876515698589,0.13333333333333333,0.0,2,2,2,0,0,66,90,-54,-54,0,0,0,0,0,0,1661513311.0,1661513311.0,1661513311.0,0.0,1661513311.0,1661513311.0,1661513311.0,0.0,2,2.0,1
B,100,19,18,0.19,0.18,69.0,8.559390042213103,194.66666666666666,66.13790306792484,"[0.0, 0.0, 0.0, 0.0, 0.0, 25.0, 0.0, 0.0, 0.0, 0.0, 0.0, 26.0, 0.0, 0.0, 0.0, 0.0, 25.0, 0.0]",26.0,4.222222222222222,9.443137164426496,0.0,"[0.0, 0.0, 0.0, 0.0, 25.0, 0.0, 0.0, 0.0, 0.0, 26.0, 0.0, 0.0, 0.0, 25.0, 0.0, 0.0, 0.0]",26.0,4.470588235294118,9.659604467963927,0.0,1.8427033281447007,1.2666666666666666,0.0,5,6,4,0,0,229,229,229,-63,-77,-63,-77,236,-63,-63,1661513311.0,1661513336.0,1661513362.0,76.0,1661513317.25,1661513336.0,1661513362.0,76.0,4,2.375,8
B,100,11,12,0.11,0.12,67.0909090909091,6.734639700891685,176.66666666666666,75.42472332656506,"[0.0, 0.0, 25.0, 0.0, 0.0, 26.0, 0.0, 0.0, 25.0, 0.0]",26.0,7.6,11.612062693595828,18.75,"[0.0, 0.0, 25.0, 0.0, 0.0, 26.0, 0.0, 0.0, 25.0, 0.0, 0.0]",26.0,6.909090909090909,11.285183733587434,12.5,1.3399834161494517,0.7333333333333333,0.0,4,5,5,0,0,230,230,-62,-76,-62,70,230,230,-62,-76,1661513323.5,1661513336.0,1661513362.0,76.0,1661513329.75,1661513349.0,1661513368.25,76.0,3,2.2,5
B,100,12,12,0.12,0.12,66.66666666666667,6.599663291074444,176.66666666666666,75.42472332656506,"[0.0, 0.0, 25.0, 0.0, 0.0, 26.0, 0.0, 0.0, 25.0, 0.0, 0.0]",26.0,6.909090909090909,11.285183733587434,12.5,"[0.0, 0.0, 25.0, 0.0, 1.0, 25.0, 0.0, 0.0, 25.0, 0.0, 0.0]",25.0,6.909090909090909,11.081963605578746,13.0,1.5143755588800731,0.8,0.0,5,5,5,0,0,230,-62,-76,230,70,-62,230,230,-62,-76,1661513330.75,1661513350.0,1661513369.25,76.0,1661513330.75,1661513350.5,1661513369.25,76.0,3,2.0,6
B,100,12,12,0.12,0.12,66.66666666666667,6.599663291074444,176.66666666666666,75.42472332656506,"[0.0, 0.0, 25.0, 0.0, 0.0, 26.0, 0.0, 0.0, 25.0, 0.0, 0.0]",26.0,6.909090909090909,11.285183733587434,12.5,"[0.0, 0.0, 25.0, 0.0, 1.0, 25.0, 0.0, 0.0, 25.0, 0.0, 0.0]",25.0,6.909090909090909,11.081963605578746,13.0,1.5143755588800731,0.8,0.0,5,5,5,0,0,230,-62,-76,230,70,-62,230,230,-62,-76,1661513330.75,1661513350.0,1661513369.25,76.0,1661513330.75,1661513350.5,1661513369.25,76.0,3,2.0,6
B,100,97,3,0.97,0.03,1322.1443298969073,283.01200257563374,178.33333333333334,75.8961278473561,"[0.0, 0.0, 1.0, 0.0, 0.0, 0.0, 0.0, 0.0, 0.0, 0.0, 0.0, 0.0, 0.0, 0.0, 0.0, 0.0, 0.0, 0.0, 0.0, 0.0, 0.0, 0.0, 0.0, 0.0, 0.0, 0.0, 0.0, 0.0, 0.0, 0.0, 0.0, 0.0, 0.0, 0.0, 0.0, 0.0, 0.0, 0.0, 0.0, 0.0, 0.0, 0.0, 0.0, 0.0, 0.0, 0.0, 0.0, 0.0, 0.0, 0.0, 0.0, 0.0, 0.0, 0.0, 0.0, 0.0, 0.0, 0.0, 0.0, 0.0, 0.0, 0.0, 0.0, 0.0, 0.0, 0.0, 0.0, 0.0, 0.0, 0.0, 0.0, 0.0, 0.0, 0.0, 0.0, 0.0, 0.0, 0.0, 0.0, 0.0, 0.0, 0.0, 0.0, 0.0, 0.0, 0.0, 0.0, 0.0, 0.0, 0.0, 0.0, 0.0, 0.0, 0.0, 0.0, 0.0]",1.0,0.010416666666666666,0.1015291077584267,0.0,"[0.0, 0.0]",0.0,0.0,0.0,0.0,1.4079141387961918,6.466666666666667,7.0,7,7,3,10,0,232,232,-64,-115,71,-64,-284,-105,-1392,-1392,1661513313.0,1661513313.0,1661513313.0,1.0,1661513312.0,1661513312.0,1661513312.0,0.0,95,48.5,2
B,100,92,8,0.92,0.08,1365.3804347826087,178.68996969437362,71.0,0.0,"[0.0, 0.0, 0.0, 0.0, 0.0, 0.0, 0.0, 0.0, 0.0, 0.0, 0.0, 0.0, 0.0, 0.0, 0.0, 0.0, 0.0, 0.0, 0.0, 0.0, 0.0, 0.0, 0.0, 0.0, 0.0, 0.0, 0.0, 0.0, 0.0, 0.0, 0.0, 0.0, 0.0, 0.0, 0.0, 0.0, 0.0, 0.0, 0.0, 0.0, 0.0, 1.0, 0.0, 0.0, 0.0, 0.0, 0.0, 0.0, 0.0, 0.0, 0.0, 0.0, 0.0, 0.0, 0.0, 0.0, 0.0, 0.0, 0.0, 0.0, 0.0, 0.0, 0.0, 0.0, 0.0, 0.0, 0.0, 0.0, 0.0, 0.0, 0.0, 0.0, 0.0, 0.0, 0.0, 0.0, 0.0, 0.0, 0.0, 0.0, 0.0, 0.0, 0.0, 0.0, 0.0, 0.0, 0.0, 0.0, 0.0, 0.0, 0.0]",1.0,0.01098901098901099,0.10425091187368282,0.0,"[0.0, 1.0, 0.0, 0.0, 0.0, 0.0, 0.0]",1.0,0.14285714285714285,0.34992710611188266,0.0,1.3597385369580761,6.133333333333334,7.0,7,10,0,8,2,-212,-123,-1392,-1392,-1392,-1392,-1392,-1392,-1392,-1392,1661513313.0,1661513314.0,1661513314.0,1.0,1661513313.75,1661513314.0,1661513314.0,1.0,36,11.5,8
B,100,100,0,1.0,0.0,1364.62,174.6739694402116,0.0,0.0,"[0.0, 0.0, 0.0, 0.0, 0.0, 0.0, 0.0, 0.0, 0.0, 0.0, 0.0, 0.0, 0.0, 0.0, 0.0, 0.0, 0.0, 0.0, 0.0, 0.0, 0.0, 0.0, 0.0, 0.0, 0.0, 0.0, 0.0, 0.0, 0.0, 0.0, 0.0, 0.0, 0.0, 0.0, 0.0, 0.0, 0.0, 0.0, 0.0, 0.0, 0.0, 0.0, 0.0, 0.0, 0.0, 0.0, 0.0, 0.0, 0.0, 0.0, 0.0, 0.0, 0.0, 0.0, 0.0, 0.0, 0.0, 0.0, 0.0, 0.0, 0.0, 0.0, 0.0, 0.0, 0.0, 0.0, 0.0, 0.0, 0.0, 0.0, 0.0, 0.0, 0.0, 0.0, 0.0, 0.0, 0.0, 0.0, 0.0, 0.0, 0.0, 0.0, 0.0, 0.0, 0.0, 0.0, 0.0, 0.0, 0.0, 0.0, 0.0, 0.0, 0.0, 0.0, 0.0, 0.0, 0.0, 0.0, 0.0]",0.0,0.0,0.0,0.0,[],0.0,0.0,0.0,0.0,1.2472191289246473,6.666666666666667,7.0,7,10,0,10,0,-211,-104,-1392,-1392,-1392,-1392,-1392,-1392,-1392,-1392,1661513313.0,1661513313.0,1661513313.0,0.0,0.0,0.0,0.0,0.0,100,100.0,1
B,100,100,0,1.0,0.0,1362.29,179.1098151972694,0.0,0.0,"[0.0, 0.0, 0.0, 0.0, 0.0, 0.0, 0.0, 0.0, 0.0, 0.0, 0.0, 0.0, 0.0, 0.0, 0.0, 0.0, 0.0, 0.0, 0.0, 0.0, 0.0, 0.0, 0.0, 0.0, 0.0, 0.0, 0.0, 0.0, 0.0, 0.0, 0.0, 0.0, 0.0, 0.0, 0.0, 0.0, 0.0, 0.0, 0.0, 0.0, 0.0, 0.0, 0.0, 0.0, 0.0, 0.0, 0.0, 0.0, 0.0, 0.0, 0.0, 0.0, 0.0, 0.0, 0.0, 0.0, 0.0, 0.0, 0.0, 0.0, 0.0, 0.0, 0.0, 0.0, 0.0, 0.0, 0.0, 0.0, 0.0, 0.0, 0.0, 0.0, 0.0, 0.0, 0.0, 0.0, 0.0, 0.0, 0.0, 0.0, 0.0, 0.0, 0.0, 0.0, 0.0, 1.0, 0.0, 0.0, 0.0, 0.0, 0.0, 0.0, 0.0, 0.0, 0.0, 0.0, 0.0, 0.0, 0.0]",1.0,0.010101010101010102,0.0999948983496128,0.0,[],0.0,0.0,0.0,0.0,1.2472191289246473,6.666666666666667,7.0,7,10,0,10,0,-218,-104,-1392,-1392,-1392,-1392,-1392,-1392,-1392,-1392,1661513313.0,1661513313.0,1661513313.0,1.0,0.0,0.0,0.0,0.0,100,100.0,1
B,100,3,3,0.03,0.03,58.0,5.656854249492381,74.0,11.313708498984761,"[60.0, 0.0]",60.0,30.0,30.0,45.0,"[60.0, 0.0]",60.0,30.0,30.0,45.0,0.7483314773547879,0.2,0.0,3,3,3,0,0,-66,66,66,90,-54,-54,0,0,0,0,1661513344.0,1661513374.0,1661513374.0,60.0,1661513344.0,1661513374.0,1661513374.0,60.0,2,1.5,2
B,100,4,4,0.04,0.04,98.25,32.80529682840867,69.0,5.196152422706632,"[5.0, 0.0, 0.0]",5.0,1.6666666666666667,2.357022603955158,2.5,"[5.0, 0.0, 0.0]",5.0,1.6666666666666667,2.357022603955158,2.5,0.9977753031397179,0.26666666666666666,0.0,4,4,4,0,0,-139,66,-122,-66,66,-66,66,78,0,0,1661513317.75,1661513319.0,1661513319.0,5.0,1661513317.75,1661513319.0,1661513319.0,5.0,2,1.3333333333333333,3
B,100,6,6,0.06,0.06,96.66666666666667,1.8856180831641267,100.66666666666667,1.8856180831641267,"[21.0, 2.0, 19.0, 13.0, 9.0]",21.0,12.8,6.881860213634101,19.0,"[21.0, 2.0, 19.0, 13.0, 9.0]",21.0,12.8,6.881860213634101,19.0,1.019803902718557,0.4,0.0,3,5,5,0,0,102,-98,102,-98,-94,98,102,-98,-94,98,1661513338.5,1661513349.5,1661513368.75,64.0,1661513338.5,1661513349.5,1661513368.75,64.0,2,1.5,4
B,100,3,3,0.03,0.03,109.0,31.187604375242845,66.0,0.0,"[5.0, 0.0]",5.0,2.5,2.5,3.75,"[5.0, 0.0]",5.0,2.5,2.5,3.75,0.7483314773547879,0.2,0.0,3,3,3,0,0,-139,66,-122,-66,66,66,0,0,0,0,1661513321.5,1661513324.0,1661513324.0,5.0,1661513321.5,1661513324.0,1661513324.0,5.0,2,1.5,2
B,100,19,15,0.19,0.15,67.89473684210526,6.912191646055581,187.33333333333334,70.75466219424854,"[0.0, 0.0, 0.0, 0.0, 25.0, 0.0, 0.0, 0.0, 0.0, 25.0, 0.0, 0.0, 0.0, 25.0, 0.0, 0.0, 0.0, 1.0]",25.0,4.222222222222222,9.294894390384169,0.0,"[0.0, 0.0, 0.0, 25.0, 0.0, 0.0, 0.0, 25.0, 0.0, 0.0, 25.0, 0.0, 0.0, 0.0]",25.0,5.357142857142857,10.258147583103622,0.0,1.8427033281447005,1.2666666666666666,0.0,5,5,5,0,0,230,230,230,-62,-76,-62,-76,70,-62,230,1661513332.5,1661513345.0,1661513382.5,76.0,1661513332.5,1661513345.0,1661513382.5,75.0,5,3.1666666666666665,6
B,100,11,11,0.11,0.11,67.0909090909091,6.734639700891685,177.54545454545453,81.29672210362105,"[0.0, 0.0, 25.0, 0.0, 0.0, 25.0, 0.0, 25.0, 0.0, 1.0]",25.0,7.6,11.39473562659529,19.0,"[0.0, 0.0, 25.0, 0.0, 0.0, 25.0, 0.0, 25.0, 0.0, 0.0]",25.0,7.5,11.4564392373896,18.75,1.3399834161494517,0.7333333333333333,0.0,4,5,5,0,0,239,-62,-76,239,70,-62,239,239,-62,-76,1661513332.5,1661513345.0,1661513382.5,76.0,1661513332.5,1661513345.0,1661513382.5,75.0,3,1.8333333333333333,6
B,100,4,4,0.04,0.04,98.25,32.80529682840867,69.0,5.196152422706632,"[5.0, 0.0, 0.0]",5.0,1.6666666666666667,2.357022603955158,2.5,"[5.0, 0.0, 0.0]",5.0,1.6666666666666667,2.357022603955158,2.5,0.9977753031397179,0.26666666666666666,0.0,4,4,4,0,0,-139,66,-122,-66,66,-66,66,78,0,0,1661513324.75,1661513326.0,1661513326.0,5.0,1661513324.75,1661513326.0,1661513326.0,5.0,2,1.3333333333333333,3
B,100,6,6,0.06,0.06,104.0,10.0,108.0,10.0,"[7.0, 24.0, 7.0, 23.0, 7.0]",24.0,13.6,8.089499366462674,23.0,"[7.0, 24.0, 7.0, 23.0, 7.0]",24.0,13.6,8.089499366462674,23.0,1.019803902718557,0.4,0.0,3,5,5,0,0,-94,98,118,-114,-94,98,118,-114,-94,98,1661513335.0,1661513356.5,1661513377.25,68.0,1661513335.0,1661513356.5,1661513377.25,68.0,2,1.5,4
B,100,25,27,0.25,0.27,360.88,460.8707688712748,199.59259259259258,342.01908753960885,"[0.0, 1.0, 0.0, 0.0, 0.0, 0.0, 0.0, 0.0, 0.0, 1.0, 0.0, 13.0, 0.0, 0.0, 62.0, 0.0, 0.0, 0.0, 0.0, 0.0, 0.0, 0.0, 0.0, 0.0]",62.0,3.2083333333333335,12.529894807574758,0.0,"[0.0, 1.0, 0.0, 0.0, 0.0, 1.0, 0.0, 0.0, 0.0, 0.0, 0.0, 0.0, 14.0, 0.0, 0.0, 61.0, 0.0, 0.0, 0.0, 0.0, 0.0, 0.0, 0.0, 0.0, 0.0, 0.0]",61.0,2.9615384615384617,11.91469929001977,0.0,2.3285665595430634,1.6666666666666667,0.0,7,4,6,0,0,97,66,-54,-54,1392,268,162,169,-1392,-62,1661513323.0,1661513337.0,1661513399.0,77.0,1661513324.0,1661513338.0,1661513399.0,77.0,8,5.0,5
B,100,2,2,0.02,0.02,54.0,0.0,81.5,15.5,[0.0],0.0,0.0,0.0,0.0,[0.0],0.0,0.0,0.0,0.0,0.4988876515698589,0.13333333333333333,0.0,2,2,2,0,0,97,66,-54,-54,0,0,0,0,0,0,1661513322.0,1661513322.0,1661513322.0,0.0,1661513322.0,1661513322.0,1661513322.0,0.0,2,2.0,1
B,100,27,17,0.27,0.17,91.96296296296296,25.163879877318397,304.3529411764706,378.493133231125,"[0.0, 0.0, 0.0, 0.0, 0.0, 0.0, 1.0, 0.0, 0.0, 0.0, 0.0, 0.0, 0.0, 30.0, 0.0, 0.0, 0.0, 0.0, 0.0, 0.0, 30.0, 0.0, 0.0, 0.0, 0.0, 0.0]",30.0,2.3461538461538463,7.985286024896559,0.0,"[0.0, 0.0, 1.0, 0.0, 0.0, 0.0, 0.0, 0.0, 30.0, 0.0, 0.0, 0.0, 30.0, 0.0, 0.0, 0.0]",30.0,3.8125,9.900875908221455,0.0,2.103964511741267,1.8,0.0,5,7,3,0,0,1478,822,105,-78,-78,-66,-105,-133,-97,-105,1661513323.5,1661513324.0,1661513354.0,61.0,1661513324.0,1661513324.0,1661513354.0,61.0,7,3.0,9
B,100,12,12,0.12,0.12,66.66666666666667,6.599663291074444,177.5,76.08054941967757,"[0.0, 0.0, 25.0, 0.0, 0.0, 25.0, 0.0, 0.0, 25.0, 0.0, 0.0]",25.0,6.818181818181818,11.134044285378081,12.5,"[0.0, 0.0, 25.0, 0.0, 0.0, 25.0, 0.0, 0.0, 25.0, 0.0, 0.0]",25.0,6.818181818181818,11.134044285378081,12.5,1.4696938456699071,0.8,0.0,4,5,5,0,0,229,-62,-76,229,70,-62,229,-62,-76,229,1661513342.75,1661513361.5,1661513380.25,75.0,1661513342.75,1661513361.5,1661513380.25,75.0,2,1.5,8
B,100,12,12,0.12,0.12,66.66666666666667,6.599663291074444,176.66666666666666,75.42472332656506,"[0.0, 0.0, 25.0, 0.0, 0.0, 25.0, 0.0, 0.0, 25.0, 0.0, 0.0]",25.0,6.818181818181818,11.134044285378081,12.5,"[0.0, 0.0, 25.0, 0.0, 0.0, 25.0, 0.0, 0.0, 25.0, 0.0, 0.0]",25.0,6.818181818181818,11.134044285378081,12.5,1.4696938456699071,0.8,0.0,4,5,5,0,0,230,-62,-76,230,70,-62,230,-62,-76,230,1661513342.75,1661513361.5,1661513380.25,75.0,1661513342.75,1661513361.5,1661513380.25,75.0,2,1.5,8
B,100,12,12,0.12,0.12,66.66666666666667,6.599663291074444,176.66666666666666,75.42472332656506,"[0.0, 0.0, 25.0, 0.0, 0.0, 25.0, 0.0, 0.0, 25.0, 0.0, 0.0]",25.0,6.818181818181818,11.134044285378081,12.5,"[0.0, 0.0, 25.0, 0.0, 0.0, 25.0, 0.0, 0.0, 25.0, 0.0, 0.0]",25.0,6.818181818181818,11.134044285378081,12.5,1.4696938456699071,0.8,0.0,4,5,5,0,0,230,-62,-76,230,70,-62,230,-62,-76,230,1661513342.75,1661513361.5,1661513380.25,75.0,1661513342.75,1661513361.5,1661513380.25,75.0,2,1.5,8
B,100,1,3,0.01,0.03,54.0,0.0,74.0,11.313708498984761,[],0.0,0.0,0.0,0.0,"[0.0, 0.0]",0.0,0.0,0.0,0.0,0.24944382578492946,0.06666666666666667,0.0,1,1,3,0,0,90,66,66,-54,0,0,0,0,0,0,1661513326.0,1661513326.0,1661513326.0,0.0,1661513326.0,1661513326.0,1661513326.0,0.0,1,1.0,1
B,100,2,2,0.02,0.02,54.0,0.0,78.0,12.0,[0.0],0.0,0.0,0.0,0.0,[0.0],0.0,0.0,0.0,0.0,0.4988876515698589,0.13333333333333333,0.0,2,2,2,0,0,90,66,-54,-54,0,0,0,0,0,0,1661513327.0,1661513327.0,1661513327.0,0.0,1661513327.0,1661513327.0,1661513327.0,0.0,2,2.0,1
B,100,4,4,0.04,0.04,54.0,0.0,78.0,12.0,"[0.0, 1.0, 0.0]",1.0,0.3333333333333333,0.4714045207910317,0.5,"[0.0, 1.0, 0.0]",1.0,0.3333333333333333,0.4714045207910317,0.5,0.7717224601860151,0.26666666666666666,0.0,3,4,4,0,0,90,66,-54,-54,90,66,-54,-54,0,0,1661513329.0,1661513329.5,1661513330.0,1.0,1661513329.0,1661513329.5,1661513330.0,1.0,2,2.0,2
B,100,1,2,0.01,0.02,54.0,0.0,81.5,15.5,[],0.0,0.0,0.0,0.0,[0.0],0.0,0.0,0.0,0.0,0.24944382578492946,0.06666666666666667,0.0,1,1,2,0,0,97,66,-54,0,0,0,0,0,0,0,1661513329.0,1661513329.0,1661513329.0,0.0,1661513329.0,1661513329.0,1661513329.0,0.0,1,1.0,1
B,100,2,2,0.02,0.02,54.0,0.0,78.0,12.0,[0.0],0.0,0.0,0.0,0.0,[0.0],0.0,0.0,0.0,0.0,0.4988876515698589,0.13333333333333333,0.0,2,2,2,0,0,90,66,-54,-54,0,0,0,0,0,0,1661513330.0,1661513330.0,1661513330.0,0.0,1661513330.0,1661513330.0,1661513330.0,0.0,2,2.0,1
B,100,16,17,0.16,0.17,528.625,597.4366990527113,194.2941176470588,325.41679422764577,"[1.0, 0.0, 0.0, 0.0, 0.0, 0.0, 0.0, 0.0, 0.0, 0.0, 0.0, 0.0, 0.0, 0.0, 0.0]",1.0,0.06666666666666667,0.24944382578492946,0.0,"[1.0, 0.0, 0.0, 0.0, 0.0, 0.0, 0.0, 0.0, 0.0, 0.0, 0.0, 0.0, 0.0, 0.0, 0.0, 0.0]",1.0,0.0625,0.24206145913796356,0.0,1.7688665548562135,1.0666666666666667,0.0,6,6,4,0,0,74,-74,66,583,-66,-500,-1478,-1478,-1478,78,1661513336.0,1661513336.0,1661513336.0,1.0,1661513336.0,1661513336.0,1661513336.0,1.0,5,3.2,5
B,100,9,9,0.09,0.09,845.6666666666666,620.6084827722619,556.5555555555555,600.8403580007497,"[0.0, 0.0, 0.0, 0.0, 0.0, 0.0, 1.0, 0.0]",1.0,0.125,0.33071891388307384,0.0,"[0.0, 0.0, 0.0, 1.0, 0.0, 0.0, 0.0, 0.0]",1.0,0.125,0.33071891388307384,0.0,1.2543258481484518,0.6,0.0,4,6,4,0,0,1392,-1392,-1392,-1392,84,1392,439,-1392,-67,-448,1661513338.0,1661513338.0,1661513338.0,1.0,1661513338.0,1661513339.0,1661513339.0,1.0,4,3.0,3
B,100,21,30,0.21,0.3,561.6190476190476,523.1634067032774,800.0,562.4713326028269,"[0.0, 0.0, 0.0, 0.0, 0.0, 0.0, 30.0, 0.0, 0.0, 0.0, 0.0, 0.0, 0.0, 30.0, 0.0, 0.0, 0.0, 0.0, 0.0, 0.0]",30.0,3.0,9.0,0.0,"[0.0, 0.0, 0.0, 0.0, 0.0, 0.0, 0.0, 0.0, 0.0, 30.0, 0.0, 0.0, 0.0, 0.0, 0.0, 0.0, 0.0, 0.0, 0.0, 30.0, 0.0, 0.0, 0.0, 0.0, 0.0, 0.0, 0.0, 0.0, 0.0]",30.0,2.0689655172413794,7.601864718982277,0.0,1.9595917942265426,1.4,0.0,6,2,8,0,0,1392,-1392,75,874,334,1392,1195,1392,1196,-67,1661513339.0,1661513369.0,1661513399.0,60.0,1661513339.0,1661513369.0,1661513399.0,60.0,6,3.5,6
B,100,3,0,0.03,0.0,74.0,0.0,0.0,0.0,"[1.0, 2.0]",2.0,1.5,0.5,1.75,[],0.0,0.0,0.0,0.0,0.7483314773547879,0.2,0.0,3,3,0,0,0,-74,-74,-74,0,0,0,0,0,0,0,1661513353.5,1661513354.0,1661513355.0,3.0,0.0,0.0,0.0,0.0,3,3.0,1
B,100,12,13,0.12,0.13,370.6666666666667,465.65121663703997,206.30769230769232,347.13362193727346,"[0.0, 3.0, 0.0, 0.0, 0.0, 0.0, 0.0, 0.0, 0.0, 0.0, 0.0]",3.0,0.2727272727272727,0.8624393618641034,0.0,"[0.0, 3.0, 0.0, 0.0, 0.0, 0.0, 0.0, 0.0, 0.0, 0.0, 0.0, 0.0]",3.0,0.25,0.82915619758885,0.0,1.6,0.8,0.0,6,4,6,0,0,66,97,-54,-54,1392,272,162,170,-1392,-62,1661513362.0,1661513362.0,1661513362.0,3.0,1661513362.0,1661513362.0,1661513362.0,3.0,8,4.0,3
B,100,2,2,0.02,0.02,54.0,0.0,81.5,15.5,[0.0],0.0,0.0,0.0,0.0,[0.0],0.0,0.0,0.0,0.0,0.4988876515698589,0.13333333333333333,0.0,2,2,2,0,0,97,66,-54,-54,0,0,0,0,0,0,1661513359.0,1661513359.0,1661513359.0,0.0,1661513359.0,1661513359.0,1661513359.0,0.0,2,2.0,1
B,100,10,11,0.1,0.11,437.3,488.3355506206772,228.9090909090909,372.81958945445945,"[0.0, 0.0, 0.0, 0.0, 0.0, 0.0, 0.0, 0.0, 0.0]",0.0,0.0,0.0,0.0,"[0.0, 0.0, 0.0, 0.0, 0.0, 0.0, 0.0, 0.0, 0.0, 0.0]",0.0,0.0,0.0,0.0,1.4452988925785863,0.6666666666666666,0.0,5,6,4,0,0,1392,270,162,171,-1392,-62,-1067,-788,-60,-760,1661513370.0,1661513370.0,1661513370.0,0.0,1661513370.0,1661513370.0,1661513370.0,0.0,8,5.0,2
B,100,4,5,0.04,0.05,479.5,543.2828453025182,824.4,616.4000648929232,"[0.0, 0.0, 0.0]",0.0,0.0,0.0,0.0,"[0.0, 0.0, 0.0, 0.0]",0.0,0.0,0.0,0.0,0.7717224601860151,0.26666666666666666,0.0,3,4,5,0,0,1392,1392,1188,-1392,-67,75,-392,-67,75,0,1661513374.0,1661513374.0,1661513374.0,0.0,1661513374.0,1661513374.0,1661513374.0,0.0,2,2.0,2
B,100,17,20,0.17,0.2,413.5882352941176,521.168828784767,145.2,182.55317033675422,"[1.0, 0.0, 0.0, 0.0, 0.0, 0.0, 0.0, 0.0, 0.0, 0.0, 0.0, 0.0, 0.0, 0.0, 0.0, 0.0]",1.0,0.0625,0.24206145913796356,0.0,"[0.0, 1.0, 0.0, 0.0, 0.0, 0.0, 0.0, 0.0, 0.0, 0.0, 0.0, 0.0, 0.0, 0.0, 0.0, 0.0, 0.0, 0.0, 0.0]",1.0,0.05263157894736842,0.22329687826943606,0.0,1.5434449203720302,1.1333333333333333,0.0,4,6,4,0,0,74,-74,66,583,-66,-495,-1478,-1478,-1478,78,1661513391.0,1661513391.0,1661513391.0,1.0,1661513391.0,1661513391.0,1661513391.0,1.0,5,3.4,5
B,100,46,54,0.46,0.54,269.0,403.2044470079125,106.53703703703704,62.3424571346945,"[0.0, 0.0, 0.0, 0.0, 0.0, 15.0, 5.0, 0.0, 0.0, 0.0, 0.0, 0.0, 0.0, 0.0, 0.0, 0.0, 15.0, 4.0, 15.0, 5.0, 0.0, 0.0, 28.0, 0.0, 0.0, 0.0, 0.0, 0.0, 15.0, 5.0, 0.0, 0.0, 53.0, 0.0, 0.0, 0.0, 0.0, 0.0, 0.0, 7.0, 15.0, 5.0, 0.0, 0.0, 1.0]",53.0,4.177777777777778,9.543558360110735,5.0,"[0.0, 0.0, 0.0, 0.0, 0.0, 0.0, 15.0, 5.0, 0.0, 0.0, 0.0, 0.0, 0.0, 0.0, 0.0, 0.0, 0.0, 0.0, 15.0, 4.0, 0.0, 15.0, 5.0, 0.0, 0.0, 28.0, 0.0, 0.0, 0.0, 0.0, 0.0, 0.0, 15.0, 5.0, 0.0, 0.0, 53.0, 0.0, 0.0, 0.0, 0.0, 0.0, 0.0, 0.0, 7.0, 0.0, 15.0, 5.0, 0.0, 0.0, 1.0, 0.0, 0.0]",53.0,3.547169811320755,8.920119378454588,1.0,1.0624918300339483,3.066666666666667,3.0,4,4,6,4,6,74,-74,66,233,-66,-207,66,117,-66,225,1661513420.0,1661513473.0,1661513560.0,188.0,1661513420.0,1661513487.0,1661513560.0,188.0,4,1.6428571428571428,28
B,100,54,46,0.54,0.46,259.77777777777777,434.6984764547706,552.2608695652174,616.678460181169,"[0.0, 0.0, 0.0, 0.0, 0.0, 0.0, 0.0, 0.0, 2.0, 0.0, 0.0, 0.0, 0.0, 0.0, 0.0, 0.0, 0.0, 2.0, 0.0, 0.0, 0.0, 0.0, 0.0, 0.0, 0.0, 0.0, 2.0, 0.0, 0.0, 0.0, 0.0, 0.0, 0.0, 0.0, 0.0, 2.0, 0.0, 0.0, 0.0, 0.0, 0.0, 0.0, 0.0, 0.0, 2.0, 0.0, 0.0, 0.0, 0.0, 0.0, 0.0, 0.0, 0.0]",2.0,0.18867924528301888,0.5846012598048931,0.0,"[0.0, 0.0, 0.0, 0.0, 0.0, 0.0, 2.0, 0.0, 0.0, 0.0, 0.0, 0.0, 0.0, 2.0, 0.0, 0.0, 0.0, 0.0, 0.0, 0.0, 2.0, 0.0, 0.0, 0.0, 0.0, 0.0, 0.0, 2.0, 0.0, 0.0, 0.0, 0.0, 0.0, 0.0, 2.0, 0.0, 0.0, 0.0, 0.0, 0.0, 0.0, 2.0, 0.0, 0.0, 0.0]",2.0,0.26666666666666666,0.6798692684790381,0.0,2.1540659228538015,3.6,3.0,7,6,4,3,7,176,-66,1478,1478,294,-78,-78,-66,-252,-1478,1661513402.0,1661513405.0,1661513408.0,10.0,1661513402.0,1661513406.0,1661513408.0,12.0,8,4.153846153846154,13
B,100,54,46,0.54,0.46,60.0,0.0,64.43478260869566,2.03931119992323,"[0.0, 2.0, 0.0, 0.0, 0.0, 2.0, 0.0, 2.0, 0.0, 2.0, 0.0, 2.0, 0.0, 2.0, 0.0, 1.0, 2.0, 0.0, 2.0, 0.0, 2.0, 0.0, 2.0, 0.0, 2.0, 0.0, 0.0, 2.0, 0.0, 2.0, 0.0, 2.0, 0.0, 3.0, 0.0, 0.0, 0.0, 0.0, 2.0, 0.0, 2.0, 0.0, 2.0, 0.0, 2.0, 0.0, 3.0, 0.0, 0.0, 2.0, 0.0, 2.0, 0.0]",3.0,0.8867924528301887,1.0399633041147673,2.0,"[0.0, 0.0, 0.0, 2.0, 2.0, 2.0, 2.0, 2.0, 1.0, 0.0, 0.0, 1.0, 3.0, 2.0, 0.0, 0.0, 0.0, 0.0, 2.0, 1.0, 0.0, 0.0, 0.0, 0.0, 1.0, 2.0, 0.0, 2.0, 2.0, 2.0, 3.0, 2.0, 2.0, 2.0, 1.0, 0.0, 0.0, 1.0, 3.0, 2.0, 2.0, 0.0, 0.0, 0.0, 0.0]",3.0,1.0444444444444445,1.0318388236661244,2.0,1.5832456116050557,3.6,4.0,5,5,5,4,6,-60,-60,64,64,64,64,-60,-60,-60,64,1661513410.5,1661513423.0,1661513434.0,47.0,1661513411.25,1661513420.0,1661513437.5,47.0,4,2.347826086956522,23
B,100,16,21,0.16,0.21,433.8125,530.714285038334,141.42857142857142,178.950264819339,"[0.0, 0.0, 0.0, 0.0, 0.0, 0.0, 0.0, 0.0, 0.0, 0.0, 0.0, 0.0, 0.0, 0.0, 0.0]",0.0,0.0,0.0,0.0,"[0.0, 0.0, 0.0, 0.0, 0.0, 0.0, 0.0, 0.0, 0.0, 0.0, 0.0, 0.0, 0.0, 0.0, 0.0, 0.0, 0.0, 0.0, 0.0, 0.0]",0.0,0.0,0.0,0.0,1.4817407180595248,1.0666666666666667,0.0,4,6,4,0,0,74,-74,66,583,-66,-495,-1478,-1478,-1478,78,1661513400.0,1661513400.0,1661513400.0,0.0,1661513400.0,1661513400.0,1661513400.0,0.0,5,3.2,5
B,100,46,54,0.46,0.54,402.5217391304348,515.8855931110929,701.6666666666666,587.6473180151258,"[0.0, 0.0, 0.0, 0.0, 2.0, 0.0, 0.0, 0.0, 2.0, 0.0, 0.0, 0.0, 2.0, 0.0, 0.0, 0.0, 0.0, 1.0, 2.0, 0.0, 0.0, 0.0, 0.0, 2.0, 0.0, 0.0, 0.0, 1.0, 0.0, 0.0, 1.0, 0.0, 0.0, 0.0, 0.0, 2.0, 0.0, 0.0, 0.0, 0.0, 2.0, 0.0, 0.0, 0.0, 0.0]",2.0,0.37777777777777777,0.739035073258484,0.0,"[0.0, 0.0, 0.0, 0.0, 2.0, 0.0, 0.0, 0.0, 0.0, 2.0, 0.0, 0.0, 0.0, 0.0, 2.0, 0.0, 0.0, 0.0, 0.0, 1.0, 2.0, 0.0, 0.0, 0.0, 0.0, 2.0, 0.0, 0.0, 0.0, 0.0, 1.0, 0.0, 0.0, 0.0, 0.0, 1.0, 0.0, 0.0, 0.0, 0.0, 2.0, 0.0, 0.0, 0.0, 0.0, 2.0, 0.0, 0.0, 0.0, 0.0, 0.0, 2.0, 0.0]",2.0,0.3584905660377358,0.7292886071731204,0.0,1.2892719737209144,3.066666666666667,3.0,5,5,5,5,5,160,1392,1392,496,-68,-68,-1392,-223,-241,75,1661513404.0,1661513409.0,1661513413.0,17.0,1661513404.0,1661513411.0,1661513413.0,19.0,5,3.2857142857142856,14
B,100,61,39,0.61,0.39,171.01639344262296,204.75346966000944,631.3333333333334,597.2030678701377,"[0.0, 0.0, 0.0, 0.0, 0.0, 0.0, 0.0, 0.0, 0.0, 0.0, 0.0, 0.0, 0.0, 0.0, 0.0, 0.0, 30.0, 0.0, 0.0, 0.0, 0.0, 0.0, 0.0, 0.0, 0.0, 0.0, 0.0, 0.0, 0.0, 0.0, 0.0, 0.0, 0.0, 30.0, 0.0, 0.0, 0.0, 0.0, 0.0, 0.0, 0.0, 0.0, 0.0, 0.0, 0.0, 0.0, 0.0, 0.0, 0.0, 30.0, 0.0, 0.0, 0.0, 0.0, 0.0, 0.0, 0.0, 0.0, 1.0, 0.0]",30.0,1.5166666666666666,6.53577760399548,0.0,"[0.0, 0.0, 0.0, 0.0, 0.0, 0.0, 0.0, 0.0, 0.0, 30.0, 0.0, 0.0, 0.0, 0.0, 0.0, 0.0, 0.0, 0.0, 0.0, 30.0, 0.0, 0.0, 0.0, 0.0, 0.0, 0.0, 0.0, 0.0, 0.0, 30.0, 0.0, 0.0, 0.0, 0.0, 0.0, 1.0, 0.0, 0.0]",30.0,2.3947368421052633,8.083574879067106,0.0,1.7688665548562132,4.066666666666666,4.0,7,7,3,4,6,172,1478,1203,-66,-66,-105,-66,-242,-618,-97,1661513402.0,1661513432.0,1661513462.0,91.0,1661513417.0,1661513432.0,1661513462.0,91.0,8,4.066666666666666,15
B,100,40,40,0.4,0.4,96.4,1.9595917942265424,100.4,1.9595917942265424,"[1.0, 20.0, 11.0, 11.0, 20.0, 1.0, 21.0, 9.0, 13.0, 19.0, 2.0, 21.0, 7.0, 14.0, 17.0, 5.0, 21.0, 5.0, 17.0, 14.0, 7.0, 21.0, 3.0, 19.0, 12.0, 9.0, 22.0, 0.0, 21.0, 10.0, 11.0, 20.0, 1.0, 22.0, 8.0, 13.0, 18.0, 3.0, 21.0]",22.0,12.564102564102564,7.192570496592644,20.0,"[1.0, 20.0, 11.0, 11.0, 20.0, 1.0, 21.0, 9.0, 13.0, 19.0, 2.0, 21.0, 7.0, 14.0, 17.0, 5.0, 21.0, 5.0, 17.0, 14.0, 7.0, 21.0, 3.0, 19.0, 12.0, 9.0, 22.0, 0.0, 21.0, 10.0, 11.0, 20.0, 1.0, 22.0, 8.0, 13.0, 18.0, 3.0, 21.0]",22.0,12.564102564102564,7.192570496592644,20.0,1.4452988925785866,2.6666666666666665,3.0,4,5,5,0,0,102,-98,-94,98,102,-98,-94,98,102,-98,1661513523.25,1661513644.0,1661513767.5,490.0,1661513523.25,1661513644.0,1661513767.5,490.0,2,1.6666666666666667,24
B,100,100,0,1.0,0.0,1367.39,172.4552054882659,0.0,0.0,"[0.0, 0.0, 0.0, 0.0, 0.0, 0.0, 0.0, 0.0, 0.0, 0.0, 0.0, 0.0, 0.0, 0.0, 0.0, 0.0, 0.0, 0.0, 0.0, 0.0, 0.0, 0.0, 0.0, 0.0, 0.0, 0.0, 0.0, 0.0, 0.0, 0.0, 0.0, 0.0, 0.0, 0.0, 0.0, 0.0, 0.0, 0.0, 0.0, 0.0, 0.0, 0.0, 0.0, 0.0, 0.0, 0.0, 0.0, 0.0, 0.0, 0.0, 0.0, 0.0, 0.0, 0.0, 0.0, 0.0, 0.0, 0.0, 0.0, 0.0, 0.0, 0.0, 0.0, 0.0, 0.0, 0.0, 0.0, 0.0, 0.0, 0.0, 0.0, 0.0, 0.0, 0.0, 0.0, 0.0, 0.0, 0.0, 0.0, 0.0, 0.0, 0.0, 0.0, 0.0, 0.0, 0.0, 0.0, 0.0, 0.0, 0.0, 0.0, 0.0, 0.0, 0.0, 0.0, 0.0, 0.0, 0.0, 0.0]",0.0,0.0,0.0,0.0,[],0.0,0.0,0.0,0.0,1.2472191289246473,6.666666666666667,7.0,7,10,0,10,0,-218,-105,-1392,-1392,-1392,-1392,-1392,-1392,-1392,-1392,1661513403.0,1661513403.0,1661513403.0,0.0,0.0,0.0,0.0,0.0,100,100.0,1
B,100,98,2,0.98,0.02,1367.561224489796,169.7988645863898,71.0,0.0,"[0.0, 0.0, 0.0, 0.0, 0.0, 0.0, 0.0, 0.0, 0.0, 0.0, 0.0, 0.0, 0.0, 0.0, 0.0, 0.0, 0.0, 0.0, 0.0, 0.0, 0.0, 0.0, 0.0, 0.0, 0.0, 0.0, 0.0, 0.0, 0.0, 0.0, 0.0, 0.0, 0.0, 0.0, 0.0, 0.0, 0.0, 0.0, 0.0, 0.0, 0.0, 0.0, 0.0, 0.0, 0.0, 0.0, 0.0, 0.0, 0.0, 0.0, 0.0, 0.0, 0.0, 0.0, 0.0, 0.0, 0.0, 0.0, 0.0, 0.0, 0.0, 0.0, 0.0, 0.0, 0.0, 0.0, 0.0, 0.0, 0.0, 0.0, 0.0, 0.0, 0.0, 0.0, 0.0, 0.0, 0.0, 0.0, 0.0, 0.0, 0.0, 0.0, 0.0, 0.0, 0.0, 0.0, 0.0, 0.0, 0.0, 0.0, 0.0, 0.0, 0.0, 0.0, 0.0, 0.0, 0.0]",0.0,0.0,0.0,0.0,[0.0],0.0,0.0,0.0,0.0,1.2578641509408806,6.533333333333333,7.0,7,10,0,9,1,-284,-105,-1392,-1392,-1392,-1392,-1392,-1392,-1392,-1392,1661513403.0,1661513403.0,1661513403.0,0.0,1661513403.0,1661513403.0,1661513403.0,0.0,86,32.666666666666664,3
B,100,100,0,1.0,0.0,1367.39,172.4552054882659,0.0,0.0,"[0.0, 0.0, 0.0, 0.0, 0.0, 0.0, 0.0, 0.0, 0.0, 0.0, 0.0, 0.0, 0.0, 0.0, 0.0, 0.0, 0.0, 0.0, 0.0, 0.0, 0.0, 0.0, 0.0, 0.0, 0.0, 0.0, 0.0, 0.0, 0.0, 0.0, 0.0, 0.0, 0.0, 0.0, 0.0, 0.0, 0.0, 0.0, 0.0, 0.0, 0.0, 0.0, 0.0, 0.0, 0.0, 0.0, 0.0, 0.0, 0.0, 0.0, 0.0, 0.0, 0.0, 0.0, 0.0, 0.0, 0.0, 0.0, 0.0, 0.0, 0.0, 0.0, 0.0, 0.0, 0.0, 0.0, 0.0, 0.0, 0.0, 0.0, 0.0, 0.0, 0.0, 0.0, 0.0, 0.0, 0.0, 0.0, 0.0, 0.0, 0.0, 0.0, 0.0, 0.0, 0.0, 0.0, 0.0, 0.0, 0.0, 0.0, 0.0, 0.0, 0.0, 0.0, 0.0, 0.0, 0.0, 0.0, 0.0]",0.0,0.0,0.0,0.0,[],0.0,0.0,0.0,0.0,1.2472191289246473,6.666666666666667,7.0,7,10,0,10,0,-218,-105,-1392,-1392,-1392,-1392,-1392,-1392,-1392,-1392,1661513403.0,1661513403.0,1661513403.0,0.0,0.0,0.0,0.0,0.0,100,100.0,1
B,100,96,4,0.96,0.04,1361.4270833333333,181.1999784303512,71.0,0.0,"[0.0, 0.0, 0.0, 0.0, 0.0, 0.0, 0.0, 0.0, 0.0, 0.0, 0.0, 0.0, 0.0, 0.0, 0.0, 0.0, 0.0, 0.0, 0.0, 0.0, 0.0, 0.0, 0.0, 0.0, 0.0, 0.0, 0.0, 0.0, 0.0, 0.0, 0.0, 0.0, 0.0, 0.0, 0.0, 0.0, 0.0, 0.0, 0.0, 0.0, 0.0, 0.0, 0.0, 0.0, 0.0, 0.0, 0.0, 0.0, 0.0, 0.0, 0.0, 0.0, 0.0, 0.0, 0.0, 0.0, 0.0, 0.0, 0.0, 0.0, 0.0, 0.0, 0.0, 0.0, 0.0, 0.0, 0.0, 0.0, 0.0, 0.0, 0.0, 0.0, 0.0, 0.0, 0.0, 0.0, 0.0, 0.0, 0.0, 0.0, 0.0, 0.0, 0.0, 0.0, 0.0, 0.0, 0.0, 0.0, 0.0, 0.0, 0.0, 0.0, 0.0, 0.0, 0.0]",0.0,0.0,0.0,0.0,"[0.0, 0.0, 0.0]",0.0,0.0,0.0,0.0,1.254325848148452,6.4,7.0,7,10,0,10,0,-210,-123,-1392,-1392,-1392,-1392,-1392,-1392,-1392,-1392,1661513403.0,1661513403.0,1661513403.0,0.0,1661513403.0,1661513403.0,1661513403.0,0.0,54,19.2,5
B,100,45,55,0.45,0.55,244.46666666666667,319.1814252462418,112.78181818181818,66.48080814219746,"[4.0, 0.0, 0.0, 141.0, 0.0, 0.0, 0.0, 0.0, 0.0, 15.0, 5.0, 0.0, 0.0, 26.0, 0.0, 0.0, 0.0, 0.0, 0.0, 0.0, 15.0, 5.0, 0.0, 0.0, 30.0, 1.0, 0.0, 0.0, 0.0, 0.0, 0.0, 0.0, 0.0, 1.0, 0.0, 0.0, 1.0, 15.0, 5.0, 0.0, 0.0, 4.0, 0.0, 0.0]",141.0,6.090909090909091,21.642569774550356,1.75,"[4.0, 0.0, 0.0, 141.0, 0.0, 0.0, 0.0, 0.0, 0.0, 0.0, 15.0, 5.0, 0.0, 0.0, 26.0, 0.0, 0.0, 0.0, 0.0, 0.0, 0.0, 0.0, 15.0, 5.0, 0.0, 0.0, 30.0, 1.0, 0.0, 0.0, 0.0, 0.0, 0.0, 0.0, 0.0, 0.0, 0.0, 0.0, 0.0, 1.0, 0.0, 0.0, 0.0, 0.0, 0.0, 1.0, 0.0, 15.0, 5.0, 0.0, 0.0, 4.0, 0.0, 0.0]",141.0,4.962962962962963,19.678869060927934,0.75,0.6324555320336759,3.0,3.0,4,5,5,6,4,66,-66,66,97,-78,-66,-66,66,78,-74,1661513571.0,1661513617.0,1661513648.0,268.0,1661513571.0,1661513647.0,1661513649.0,268.0,4,1.5517241379310345,29
B,100,45,55,0.45,0.55,299.64444444444445,404.954272071719,110.94545454545455,65.3075014991855,"[0.0, 0.0, 0.0, 0.0, 0.0, 15.0, 5.0, 0.0, 0.0, 0.0, 121.0, 0.0, 0.0, 0.0, 0.0, 0.0, 0.0, 4.0, 15.0, 5.0, 0.0, 0.0, 28.0, 0.0, 0.0, 0.0, 0.0, 1.0, 0.0, 0.0, 6.0, 3.0, 15.0, 5.0, 0.0, 0.0, 50.0, 0.0, 0.0, 0.0, 0.0, 0.0, 0.0, 15.0]",121.0,6.545454545454546,19.70054746061474,4.25,"[0.0, 0.0, 0.0, 0.0, 0.0, 0.0, 15.0, 5.0, 0.0, 0.0, 0.0, 121.0, 0.0, 0.0, 0.0, 0.0, 0.0, 0.0, 0.0, 4.0, 0.0, 15.0, 5.0, 0.0, 0.0, 28.0, 0.0, 0.0, 0.0, 0.0, 0.0, 1.0, 0.0, 0.0, 0.0, 0.0, 6.0, 0.0, 3.0, 0.0, 15.0, 5.0, 0.0, 0.0, 50.0, 0.0, 0.0, 0.0, 0.0, 0.0, 0.0, 0.0, 15.0, 5.0]",121.0,5.425925925925926,17.94910691253122,2.5,0.8944271909999159,3.0,3.0,4,4,6,3,7,74,-74,66,233,-66,-207,66,117,-66,225,1661513552.0,1661513576.0,1661513629.0,288.0,1661513552.0,1661513604.0,1661513621.5,293.0,4,1.6071428571428572,28
B,100,17,21,0.17,0.21,413.6470588235294,521.178070638893,141.42857142857142,178.950264819339,"[0.0, 0.0, 0.0, 0.0, 0.0, 0.0, 0.0, 0.0, 1.0, 0.0, 0.0, 0.0, 0.0, 0.0, 0.0, 0.0]",1.0,0.0625,0.24206145913796356,0.0,"[0.0, 0.0, 0.0, 0.0, 0.0, 0.0, 0.0, 0.0, 0.0, 0.0, 0.0, 0.0, 1.0, 0.0, 0.0, 0.0, 0.0, 0.0, 0.0, 0.0]",1.0,0.05,0.21794494717703364,0.0,1.499629583893599,1.1333333333333333,0.0,4,6,4,0,0,74,-74,66,583,-66,-496,-1478,-1478,-1478,78,1661513411.0,1661513411.0,1661513412.0,1.0,1661513411.0,1661513411.0,1661513412.0,1.0,5,3.4,5
