label,total_packets,num_incoming,num_outgoing,fraction_incoming,fraction_outgoing,incoming_mean_size,incoming_std_size,outgoing_mean_size,outgoing_std_size,incoming_iats,incoming_max_iat,incoming_mean_iat,incoming_std_iat,incoming_q3_iat,outgoing_iats,outgoing_max_iat,outgoing_mean_iat,outgoing_std_iat,outgoing_q3_iat,chunk_std,chunk_mean,chunk_median,chunk_max,first_10_incoming,first_10_outgoing,last_10_incoming,last_10_outgoing,packet_1_length_direction,packet_2_length_direction,packet_3_length_direction,packet_4_length_direction,packet_5_length_direction,packet_6_length_direction,packet_7_length_direction,packet_8_length_direction,packet_9_length_direction,packet_10_length_direction,incoming_q1_time,incoming_q2_time,incoming_q3_time,incoming_total_time,outgoing_q1_time,outgoing_q2_time,outgoing_q3_time,outgoing_total_time,max_burst,mean_burst,num_bursts
B,100,100,0,1.0,0.0,1266.52,160.17624542983899,0.0,0.0,"[0.0, 0.0, 0.0, 0.0, 0.0, 0.0, 0.0, 0.0, 0.0, 0.0, 0.0, 0.0, 0.0, 0.0, 0.0, 0.0, 0.0, 0.0, 0.0, 0.0, 0.0, 0.0, 0.0, 0.0, 0.0, 0.0, 0.0, 0.0, 0.0, 0.0, 0.0, 0.0, 0.0, 0.0, 0.0, 0.0, 0.0, 0.0, 0.0, 0.0, 0.0, 0.0, 0.0, 0.0, 0.0, 0.0, 0.0, 0.0, 0.0, 0.0, 0.0, 0.0, 0.0, 0.0, 0.0, 0.0, 0.0, 0.0, 0.0, 0.0, 0.0, 0.0, 0.0, 0.0, 0.0, 0.0, 0.0, 0.0, 0.0, 0.0, 0.0, 0.0, 0.0, 0.0, 0.0, 0.0, 0.0, 0.0, 0.0, 0.0, 0.0, 0.0, 0.0, 0.0, 0.0, 0.0, 0.0, 0.0, 0.0, 0.0, 0.0, 0.0, 0.0, 0.0, 0.0, 0.0, 0.0, 0.0, 0.0]",0.0,0.0,0.0,0.0,[],0.0,0.0,0.0,0.0,1.2472191289246473,6.666666666666667,7.0,7,10,0,10,0,-209,-121,-1292,-1292,-1292,-1292,-1292,-1292,-1292,-1292,1661776592.0,1661776592.0,1661776592.0,0.0,0.0,0.0,0.0,0.0,100,100.0,1
B,100,100,0,1.0,0.0,1368.03,168.25614134408283,0.0,0.0,"[0.0, 0.0, 0.0, 0.0, 0.0, 0.0, 0.0, 0.0, 0.0, 0.0, 0.0, 0.0, 0.0, 0.0, 0.0, 0.0, 0.0, 0.0, 0.0, 0.0, 0.0, 0.0, 0.0, 0.0, 0.0, 0.0, 0.0, 0.0, 0.0, 0.0, 0.0, 0.0, 0.0, 0.0, 0.0, 0.0, 0.0, 0.0, 0.0, 0.0, 0.0, 0.0, 0.0, 0.0, 0.0, 0.0, 0.0, 0.0, 0.0, 0.0, 0.0, 0.0, 0.0, 0.0, 0.0, 0.0, 0.0, 0.0, 0.0, 0.0, 0.0, 0.0, 0.0, 0.0, 0.0, 0.0, 0.0, 0.0, 0.0, 0.0, 0.0, 0.0, 0.0, 0.0, 0.0, 0.0, 0.0, 0.0, 0.0, 0.0, 0.0, 0.0, 0.0, 0.0, 0.0, 0.0, 0.0, 0.0, 0.0, 0.0, 0.0, 0.0, 0.0, 0.0, 0.0, 0.0, 0.0, 0.0, 0.0]",0.0,0.0,0.0,0.0,[],0.0,0.0,0.0,0.0,1.2472191289246473,6.666666666666667,7.0,7,10,0,10,0,-282,-105,-1392,-1392,-1392,-1392,-1392,-1392,-1392,-1392,1661776592.0,1661776592.0,1661776592.0,0.0,0.0,0.0,0.0,0.0,100,100.0,1
B,100,57,43,0.57,0.43,81.9298245614035,22.637385356058573,362.8837209302326,396.2772819044722,"[0.0, 0.0, 0.0, 2.0, 0.0, 0.0, 0.0, 0.0, 0.0, 0.0, 0.0, 2.0, 0.0, 0.0, 0.0, 0.0, 4.0, 0.0, 0.0, 0.0, 22.0, 0.0, 0.0, 0.0, 0.0, 0.0, 0.0, 0.0, 1.0, 0.0, 0.0, 0.0, 0.0, 1.0, 0.0, 0.0, 0.0, 0.0, 0.0, 0.0, 0.0, 2.0, 0.0, 0.0, 0.0, 4.0, 0.0, 0.0, 0.0, 6.0, 0.0, 0.0, 0.0, 15.0, 0.0, 0.0]",22.0,1.0535714285714286,3.6076290337142427,0.0,"[0.0, 0.0, 2.0, 0.0, 0.0, 0.0, 0.0, 2.0, 0.0, 0.0, 0.0, 4.0, 0.0, 0.0, 22.0, 0.0, 0.0, 0.0, 0.0, 0.0, 1.0, 0.0, 0.0, 0.0, 1.0, 0.0, 0.0, 0.0, 0.0, 2.0, 0.0, 0.0, 4.0, 0.0, 0.0, 6.0, 0.0, 0.0, 0.0, 15.0, 0.0, 0.0]",22.0,1.4047619047619047,4.106090272298338,0.0,0.9797958971132712,3.8,4.0,5,5,5,5,5,521,-74,-99,-68,81,75,-68,524,521,-74,1661776596.0,1661776622.0,1661776626.0,59.0,1661776596.0,1661776623.0,1661776626.0,59.0,7,2.4782608695652173,23
B,100,26,27,0.26,0.27,66.84615384615384,6.660401395228528,177.33333333333334,75.89612784735611,"[0.0, 0.0, 0.0, 25.0, 0.0, 25.0, 0.0, 0.0, 25.0, 0.0, 0.0, 26.0, 0.0, 25.0, 0.0, 0.0, 25.0, 0.0, 0.0, 25.0, 0.0, 0.0, 25.0, 0.0, 0.0]",26.0,8.04,11.721706360423811,25.0,"[0.0, 0.0, 0.0, 25.0, 0.0, 25.0, 0.0, 0.0, 25.0, 0.0, 0.0, 25.0, 0.0, 1.0, 25.0, 0.0, 0.0, 25.0, 0.0, 0.0, 25.0, 0.0, 0.0, 25.0, 0.0, 0.0]",25.0,7.730769230769231,11.514397984555925,25.0,1.6918103387266026,1.7333333333333334,2.0,4,5,5,0,0,231,231,-62,-76,-62,231,-62,70,231,-62,1661776642.0,1661776693.0,1661776743.0,201.0,1661776642.0,1661776692.0,1661776743.0,201.0,3,2.0,13
B,100,26,27,0.26,0.27,397.34615384615387,445.28408756551505,199.03703703703704,314.5817307074977,"[0.0, 0.0, 0.0, 0.0, 0.0, 55.0, 0.0, 0.0, 0.0, 0.0, 20.0, 0.0, 0.0, 0.0, 0.0, 0.0, 56.0, 0.0, 0.0, 20.0, 0.0, 0.0, 0.0, 0.0, 0.0]",56.0,6.04,15.55501205399726,0.0,"[0.0, 0.0, 0.0, 0.0, 0.0, 55.0, 0.0, 0.0, 0.0, 0.0, 20.0, 0.0, 0.0, 0.0, 0.0, 0.0, 56.0, 0.0, 0.0, 0.0, 20.0, 0.0, 0.0, 0.0, 0.0, 0.0]",56.0,5.8076923076923075,15.297106892806262,0.0,2.0154955277107964,1.7333333333333334,1.0,5,5,5,0,0,158,158,-62,-783,-60,-760,-60,70,70,81,1661776649.0,1661776669.0,1661776725.0,151.0,1661776649.0,1661776669.0,1661776725.0,151.0,5,2.6,10
B,100,18,18,0.18,0.18,69.55555555555556,6.792334095812411,150.5,79.5,"[0.0, 25.0, 0.0, 25.0, 0.0, 25.0, 0.0, 25.0, 0.0, 25.0, 0.0, 26.0, 0.0, 25.0, 0.0, 25.0, 0.0]",26.0,11.823529411764707,12.542798703158656,25.0,"[0.0, 25.0, 0.0, 25.0, 0.0, 25.0, 0.0, 25.0, 0.0, 25.0, 0.0, 26.0, 0.0, 25.0, 0.0, 25.0, 0.0]",26.0,11.823529411764707,12.542798703158656,25.0,1.7204650534085248,1.2,0.0,4,5,5,0,0,230,-62,-76,71,230,-62,-76,71,230,-63,1661776644.0,1661776694.0,1661776745.0,201.0,1661776644.0,1661776694.0,1661776745.0,201.0,2,2.0,9
B,100,16,16,0.16,0.16,96.5,1.9364916731037085,100.5,1.9364916731037085,"[21.0, 0.0, 21.0, 10.0, 11.0, 20.0, 1.0, 21.0, 9.0, 13.0, 18.0, 4.0, 21.0, 6.0, 15.0]",21.0,12.733333333333333,7.325450308494504,20.5,"[21.0, 0.0, 21.0, 10.0, 11.0, 20.0, 1.0, 21.0, 9.0, 13.0, 18.0, 4.0, 21.0, 6.0, 15.0]",21.0,12.733333333333333,7.325450308494504,20.5,1.569146972791976,1.0666666666666667,0.0,4,5,5,0,0,102,-98,-94,98,102,-98,102,-98,-94,98,1661776647.5,1661776692.5,1661776744.0,191.0,1661776647.5,1661776692.5,1661776744.0,191.0,2,1.6,10
B,100,16,16,0.16,0.16,69.375,6.89089072616886,150.25,79.62607927055055,"[0.0, 25.0, 0.0, 25.0, 0.0, 25.0, 0.0, 25.0, 0.0, 26.0, 0.0, 25.0, 0.0, 25.0, 0.0]",26.0,11.733333333333333,12.545738541654515,25.0,"[0.0, 25.0, 0.0, 25.0, 0.0, 25.0, 0.0, 25.0, 0.0, 26.0, 0.0, 25.0, 0.0, 25.0, 0.0]",26.0,11.733333333333333,12.545738541654515,25.0,1.569146972791976,1.0666666666666667,0.0,4,5,5,0,0,230,-62,-76,70,230,-62,-76,70,230,-62,1661776642.75,1661776686.5,1661776731.25,176.0,1661776642.75,1661776686.5,1661776731.25,176.0,2,2.0,8
B,100,20,20,0.2,0.2,108.2,11.556816170554933,193.4,287.5671052119835,"[7.0, 19.0, 0.0, 5.0, 5.0, 0.0, 19.0, 6.0, 25.0, 5.0, 26.0, 5.0, 25.0, 5.0, 21.0, 0.0, 9.0, 1.0, 0.0]",26.0,9.631578947368421,9.229304166710621,19.0,"[7.0, 19.0, 0.0, 5.0, 5.0, 0.0, 19.0, 6.0, 25.0, 5.0, 26.0, 5.0, 25.0, 5.0, 21.0, 0.0, 9.0, 1.0, 1.0]",26.0,9.68421052631579,9.17693121266551,19.0,1.6599866130651644,1.3333333333333333,0.0,4,5,5,0,0,118,-114,-94,98,-122,1054,-118,66,118,-114,1661776638.75,1661776692.5,1661776761.25,183.0,1661776638.75,1661776692.5,1661776761.25,184.0,2,1.5384615384615385,13
B,100,40,50,0.4,0.5,512.025,502.866358364725,801.6,563.817381782435,"[0.0, 0.0, 0.0, 0.0, 0.0, 0.0, 0.0, 30.0, 0.0, 0.0, 0.0, 0.0, 0.0, 0.0, 0.0, 30.0, 0.0, 0.0, 0.0, 0.0, 0.0, 0.0, 0.0, 30.0, 1.0, 0.0, 0.0, 0.0, 0.0, 0.0, 0.0, 30.0, 0.0, 0.0, 0.0, 0.0, 0.0, 0.0, 0.0]",30.0,3.1025641025641026,9.094362502276557,0.0,"[0.0, 0.0, 0.0, 0.0, 0.0, 0.0, 0.0, 0.0, 0.0, 30.0, 0.0, 0.0, 0.0, 0.0, 0.0, 0.0, 0.0, 0.0, 0.0, 30.0, 0.0, 0.0, 0.0, 0.0, 0.0, 0.0, 0.0, 0.0, 0.0, 30.0, 0.0, 0.0, 0.0, 0.0, 0.0, 0.0, 0.0, 1.0, 0.0, 30.0, 0.0, 0.0, 0.0, 0.0, 0.0, 0.0, 0.0, 0.0, 0.0]",30.0,2.4693877551020407,8.209258190197177,0.0,2.211083193570267,2.6666666666666665,3.0,7,2,8,0,0,1392,-1392,75,873,333,1392,1204,1392,1205,-67,1661776635.0,1661776665.0,1661776696.0,121.0,1661776635.0,1661776665.0,1661776695.0,121.0,7,4.0,10
B,100,4,10,0.04,0.1,60.0,0.0,70.0,4.898979485566356,"[60.0, 60.0, 60.0]",60.0,60.0,0.0,60.0,"[60.0, 60.0, 29.0, 0.0, 9.0, 0.0, 0.0, 0.0, 22.0]",60.0,20.0,23.584363935078304,29.0,0.7717224601860151,0.26666666666666666,0.0,3,3,7,0,0,64,-60,64,-60,64,-60,74,74,74,74,1661776652.0,1661776697.0,1661776742.0,180.0,1661776734.25,1661776760.5,1661776765.0,180.0,1,1.0,4
B,100,50,50,0.5,0.5,373.9,452.4789166359025,606.12,555.996461859246,"[0.0, 0.0, 0.0, 0.0, 0.0, 0.0, 0.0, 0.0, 0.0, 0.0, 3.0, 0.0, 0.0, 0.0, 27.0, 0.0, 0.0, 0.0, 0.0, 0.0, 0.0, 0.0, 0.0, 0.0, 0.0, 0.0, 30.0, 0.0, 0.0, 0.0, 0.0, 0.0, 0.0, 0.0, 0.0, 0.0, 0.0, 0.0, 30.0, 0.0, 0.0, 0.0, 0.0, 0.0, 0.0, 0.0, 0.0, 0.0, 0.0]",30.0,1.836734693877551,6.958615094374273,0.0,"[0.0, 0.0, 0.0, 0.0, 0.0, 0.0, 0.0, 0.0, 0.0, 0.0, 0.0, 3.0, 0.0, 0.0, 0.0, 27.0, 0.0, 0.0, 0.0, 0.0, 0.0, 0.0, 0.0, 0.0, 0.0, 0.0, 0.0, 30.0, 0.0, 0.0, 0.0, 0.0, 0.0, 0.0, 0.0, 0.0, 0.0, 0.0, 0.0, 30.0, 0.0, 0.0, 0.0, 0.0, 0.0, 0.0, 0.0, 0.0, 0.0]",30.0,1.836734693877551,6.958615094374273,0.0,1.577621275493231,3.3333333333333335,4.0,6,4,6,7,3,1292,115,-1292,-823,-139,-67,1292,115,75,744,1661776617.0,1661776644.0,1661776674.0,90.0,1661776617.0,1661776644.0,1661776674.0,90.0,7,3.5714285714285716,14
B,100,3,3,0.03,0.03,90.33333333333333,34.41253001774531,87.0,16.06237840420901,"[0.0, 0.0]",0.0,0.0,0.0,0.0,"[0.0, 0.0]",0.0,0.0,0.0,0.0,0.7483314773547879,0.2,0.0,3,3,3,0,0,-139,105,90,-66,-66,66,0,0,0,0,1661776615.0,1661776615.0,1661776615.0,0.0,1661776615.0,1661776615.0,1661776615.0,0.0,2,1.5,2
B,100,3,3,0.03,0.03,207.0,80.61017305526642,89.0,0.0,"[0.0, 147.0]",147.0,73.5,73.5,110.25,"[0.0, 147.0]",147.0,73.5,73.5,110.25,0.7483314773547879,0.2,0.0,3,3,3,0,0,89,-150,89,-150,89,-321,0,0,0,0,1661776630.0,1661776630.0,1661776703.5,147.0,1661776630.0,1661776630.0,1661776703.5,147.0,1,1.0,3
B,100,29,34,0.29,0.34,448.51724137931035,490.3072661301036,263.11764705882354,416.6136427622602,"[0.0, 0.0, 0.0, 0.0, 0.0, 0.0, 0.0, 0.0, 0.0, 76.0, 0.0, 0.0, 0.0, 0.0, 0.0, 0.0, 0.0, 0.0, 75.0, 0.0, 0.0, 0.0, 0.0, 0.0, 0.0, 0.0, 0.0, 0.0]",76.0,5.392857142857143,19.444682133305914,0.0,"[0.0, 0.0, 0.0, 0.0, 0.0, 0.0, 0.0, 0.0, 0.0, 0.0, 76.0, 0.0, 0.0, 0.0, 0.0, 0.0, 0.0, 0.0, 0.0, 0.0, 0.0, 0.0, 75.0, 0.0, 0.0, 0.0, 0.0, 0.0, 0.0, 0.0, 0.0, 0.0, 0.0]",76.0,4.575757575757576,18.01519611585579,0.0,2.015495527710797,1.9333333333333333,2.0,6,6,4,0,0,1392,270,163,170,-1392,-62,-1067,-788,-60,-761,1661776642.0,1661776718.0,1661776793.0,151.0,1661776642.0,1661776718.0,1661776793.0,151.0,8,4.833333333333333,6
B,100,9,0,0.09,0.0,74.0,0.0,0.0,0.0,"[1.0, 2.0, 62.0, 1.0, 2.0, 62.0, 1.0, 2.0]",62.0,16.625,26.20084683745928,17.0,[],0.0,0.0,0.0,0.0,1.781385228784985,0.6,0.0,7,9,0,0,0,-74,-74,-74,-74,-74,-74,-74,-74,-74,0,1661776649.0,1661776712.0,1661776776.0,133.0,0.0,0.0,0.0,0.0,9,9.0,1
B,100,27,30,0.27,0.3,247.11111111111111,379.06994696409004,107.7,61.65179099858603,"[0.0, 0.0, 0.0, 0.0, 0.0, 16.0, 5.0, 0.0, 0.0, 28.0, 0.0, 0.0, 0.0, 0.0, 0.0, 0.0, 15.0, 5.0, 0.0, 0.0, 17.0, 0.0, 0.0, 0.0, 0.0, 0.0]",28.0,3.3076923076923075,7.124007249430676,0.0,"[0.0, 0.0, 0.0, 0.0, 0.0, 1.0, 15.0, 5.0, 0.0, 0.0, 28.0, 0.0, 0.0, 0.0, 0.0, 0.0, 0.0, 0.0, 15.0, 5.0, 0.0, 0.0, 17.0, 0.0, 0.0, 0.0, 0.0, 0.0, 0.0]",28.0,2.9655172413793105,6.744002488140672,0.0,1.7204650534085255,1.8,3.0,4,4,6,0,0,78,-74,66,233,-66,-207,66,117,-66,225,1661776725.5,1661776756.0,1661776776.0,86.0,1661776724.25,1661776756.0,1661776776.0,86.0,4,1.588235294117647,17
B,100,8,11,0.08,0.11,479.5,543.2828453025182,836.9090909090909,604.0003694377941,"[0.0, 0.0, 0.0, 54.0, 0.0, 0.0, 0.0]",54.0,7.714285714285714,18.89606373004166,0.0,"[0.0, 0.0, 0.0, 0.0, 54.0, 0.0, 0.0, 0.0, 0.0, 0.0]",54.0,5.4,16.2,0.0,1.14697670227235,0.5333333333333333,0.0,4,4,6,0,0,1392,1392,1211,-1392,-67,-392,-67,75,75,1392,1661776708.0,1661776735.0,1661776762.0,54.0,1661776708.0,1661776762.0,1661776762.0,54.0,4,4.0,2
B,100,15,20,0.15,0.2,511.93333333333334,525.1562899641295,801.7,563.7343434633018,"[0.0, 0.0, 0.0, 0.0, 0.0, 0.0, 30.0, 0.0, 0.0, 1.0, 0.0, 0.0, 0.0, 0.0]",30.0,2.2142857142857144,7.710647290121176,0.0,"[0.0, 0.0, 0.0, 0.0, 0.0, 0.0, 0.0, 0.0, 0.0, 30.0, 0.0, 0.0, 0.0, 0.0, 0.0, 0.0, 0.0, 1.0, 0.0]",30.0,1.631578947368421,6.6902169449191335,0.0,1.7126976771553504,1.0,0.0,5,2,8,0,0,1392,-1392,75,873,334,1392,1204,1392,1205,-67,1661776756.0,1661776786.0,1661776787.0,31.0,1661776756.0,1661776771.0,1661776786.0,31.0,7,3.75,4
B,100,13,13,0.13,0.13,575.4615384615385,622.1202722433136,100.61538461538461,53.98794518086488,"[0.0, 0.0, 0.0, 0.0, 0.0, 0.0, 0.0, 0.0, 15.0, 5.0, 0.0, 0.0]",15.0,1.6666666666666667,4.249182927993988,0.0,"[0.0, 0.0, 0.0, 0.0, 0.0, 0.0, 0.0, 0.0, 15.0, 5.0, 0.0, 0.0]",15.0,1.6666666666666667,4.249182927993988,0.0,1.499629583893599,0.8666666666666667,0.0,4,6,4,0,0,74,-74,66,201,-66,-616,-1478,-1478,78,-1478,1661776765.0,1661776765.0,1661776780.0,20.0,1661776765.0,1661776765.0,1661776780.0,20.0,4,1.8571428571428572,7
B,100,22,23,0.22,0.23,417.59090909090907,466.23313121723567,650.1739130434783,558.2668562593802,"[0.0, 0.0, 0.0, 0.0, 0.0, 0.0, 0.0, 0.0, 0.0, 0.0, 30.0, 0.0, 0.0, 0.0, 0.0, 0.0, 0.0, 0.0, 0.0, 0.0, 0.0]",30.0,1.4285714285714286,6.388765649999399,0.0,"[0.0, 0.0, 0.0, 0.0, 0.0, 0.0, 0.0, 0.0, 0.0, 0.0, 0.0, 30.0, 0.0, 0.0, 0.0, 0.0, 0.0, 0.0, 0.0, 0.0, 0.0, 0.0]",30.0,1.3636363636363635,6.248966856757964,0.0,2.0612833111653743,1.4666666666666666,0.0,6,4,6,0,0,1292,120,-1292,-822,-140,-67,1292,115,75,744,1661776765.0,1661776780.0,1661776795.0,30.0,1661776765.0,1661776765.0,1661776795.0,30.0,6,3.142857142857143,7
B,100,5,5,0.05,0.05,97.2,58.48213402399061,85.0,34.140884581393024,"[0.0, 0.0, 0.0, 0.0]",0.0,0.0,0.0,0.0,"[0.0, 0.0, 0.0, 0.0]",0.0,0.0,0.0,0.0,1.0110500592068732,0.3333333333333333,0.0,4,5,5,0,0,74,-74,66,153,-66,-214,-66,66,66,-66,1661776777.0,1661776777.0,1661776777.0,0.0,1661776777.0,1661776777.0,1661776777.0,0.0,3,1.6666666666666667,3
B,100,23,25,0.23,0.25,269.6521739130435,403.5943517396442,106.68,61.354523875587205,"[0.0, 0.0, 0.0, 0.0, 0.0, 6.0, 0.0, 15.0, 5.0, 0.0, 0.0, 241.0, 0.0, 0.0, 0.0, 0.0, 0.0, 0.0, 15.0, 5.0, 0.0, 0.0]",241.0,13.045454545454545,49.9422186793055,3.75,"[0.0, 0.0, 0.0, 0.0, 0.0, 0.0, 6.0, 0.0, 15.0, 5.0, 0.0, 0.0, 241.0, 0.0, 0.0, 0.0, 0.0, 0.0, 0.0, 0.0, 15.0, 5.0, 0.0, 0.0]",241.0,11.958333333333334,47.95178061228684,1.25,1.667999467092907,1.5333333333333334,0.0,4,4,6,0,0,74,-74,66,233,-66,-207,66,117,-66,225,1661776803.0,1661776826.0,1661777067.0,287.0,1661776800.0,1661776826.0,1661777067.0,287.0,4,1.7692307692307692,13
B,100,44,45,0.44,0.45,395.6363636363636,460.73360923388907,242.84444444444443,375.9059548791163,"[0.0, 0.0, 0.0, 0.0, 20.0, 0.0, 0.0, 0.0, 0.0, 0.0, 55.0, 0.0, 0.0, 0.0, 0.0, 20.0, 0.0, 0.0, 0.0, 0.0, 0.0, 56.0, 0.0, 0.0, 0.0, 0.0, 20.0, 0.0, 0.0, 0.0, 0.0, 0.0, 55.0, 0.0, 0.0, 0.0, 0.0, 20.0, 0.0, 0.0, 0.0, 0.0, 0.0]",56.0,5.72093023255814,14.768485588459225,0.0,"[0.0, 0.0, 0.0, 0.0, 20.0, 0.0, 0.0, 0.0, 0.0, 0.0, 55.0, 0.0, 0.0, 0.0, 0.0, 0.0, 20.0, 0.0, 0.0, 0.0, 0.0, 0.0, 55.0, 0.0, 1.0, 0.0, 0.0, 20.0, 0.0, 0.0, 0.0, 0.0, 0.0, 55.0, 0.0, 0.0, 0.0, 0.0, 20.0, 0.0, 0.0, 0.0, 0.0, 0.0]",55.0,5.590909090909091,14.538847931440566,0.0,1.7307673314329557,2.933333333333333,3.0,5,5,5,0,0,1292,278,-1292,-62,-1067,-60,70,70,81,-62,1661776861.25,1661776923.0,1661776984.75,246.0,1661776875.0,1661776895.0,1661776971.0,246.0,5,2.75,16
B,100,24,24,0.24,0.24,70.0,7.0,150.5,79.5,"[0.0, 25.0, 0.0, 25.0, 0.0, 25.0, 0.0, 25.0, 0.0, 25.0, 0.0, 26.0, 0.0, 25.0, 0.0, 25.0, 0.0, 25.0, 0.0, 25.0, 0.0, 25.0, 0.0]",26.0,12.0,12.535167920000461,25.0,"[0.0, 25.0, 0.0, 25.0, 0.0, 25.0, 0.0, 25.0, 0.0, 25.0, 0.0, 26.0, 0.0, 25.0, 0.0, 25.0, 0.0, 25.0, 0.0, 25.0, 0.0, 25.0, 0.0]",26.0,12.0,12.535167920000461,25.0,1.7435595774162698,1.6,0.0,4,5,5,0,0,230,-63,-77,71,230,-63,-77,71,230,-63,1661776868.75,1661776938.0,1661777007.25,276.0,1661776868.75,1661776938.0,1661777007.25,276.0,2,2.0,12
B,100,57,43,0.57,0.43,81.54385964912281,21.871290302336384,227.6046511627907,215.9261436539133,"[0.0, 0.0, 0.0, 0.0, 0.0, 0.0, 0.0, 2.0, 0.0, 0.0, 0.0, 0.0, 0.0, 0.0, 0.0, 0.0, 2.0, 0.0, 0.0, 0.0, 4.0, 0.0, 0.0, 0.0, 22.0, 0.0, 0.0, 0.0, 0.0, 0.0, 0.0, 0.0, 2.0, 0.0, 0.0, 0.0, 0.0, 0.0, 0.0, 0.0, 2.0, 0.0, 0.0, 0.0, 4.0, 0.0, 0.0, 0.0, 22.0, 0.0, 0.0, 0.0, 0.0, 0.0, 0.0, 0.0]",22.0,1.0714285714285714,4.12248686585945,0.0,"[0.0, 0.0, 0.0, 0.0, 0.0, 0.0, 2.0, 0.0, 0.0, 0.0, 0.0, 0.0, 0.0, 2.0, 0.0, 0.0, 4.0, 0.0, 0.0, 22.0, 0.0, 0.0, 0.0, 0.0, 0.0, 2.0, 0.0, 0.0, 0.0, 0.0, 2.0, 0.0, 0.0, 4.0, 0.0, 0.0, 22.0, 0.0, 0.0, 0.0, 0.0, 0.0]",22.0,1.4285714285714286,4.70634251451651,0.0,0.9797958971132712,3.8,4.0,5,6,4,5,5,590,-74,-128,-68,81,75,-68,520,-74,-99,1661776804.0,1661776832.0,1661776836.0,60.0,1661776804.0,1661776832.0,1661776836.0,60.0,7,2.1923076923076925,26
B,100,93,7,0.93,0.07,1209.6451612903227,287.84328341985025,585.8571428571429,466.18648278848013,"[0.0, 0.0, 0.0, 0.0, 0.0, 0.0, 0.0, 0.0, 0.0, 0.0, 0.0, 0.0, 0.0, 0.0, 0.0, 0.0, 0.0, 0.0, 0.0, 0.0, 0.0, 0.0, 0.0, 0.0, 0.0, 0.0, 0.0, 0.0, 0.0, 0.0, 0.0, 0.0, 0.0, 0.0, 0.0, 0.0, 0.0, 0.0, 0.0, 0.0, 0.0, 0.0, 0.0, 0.0, 0.0, 0.0, 0.0, 0.0, 0.0, 0.0, 0.0, 0.0, 0.0, 0.0, 0.0, 0.0, 0.0, 0.0, 0.0, 0.0, 0.0, 0.0, 0.0, 0.0, 0.0, 0.0, 0.0, 0.0, 0.0, 0.0, 0.0, 0.0, 0.0, 0.0, 0.0, 0.0, 0.0, 0.0, 0.0, 0.0, 0.0, 0.0, 0.0, 0.0, 0.0, 0.0, 0.0, 0.0, 0.0, 5.0, 0.0, 0.0]",5.0,0.05434782608695652,0.5184452181613836,0.0,"[0.0, 0.0, 0.0, 0.0, 0.0, 0.0]",0.0,0.0,0.0,0.0,1.6411378166788229,6.2,7.0,7,10,0,5,5,-210,-121,-1292,-1292,-1292,-1292,-1292,-1292,-1292,-1292,1661776802.0,1661776802.0,1661776802.0,5.0,1661776802.0,1661776802.0,1661776802.0,0.0,88,46.5,2
B,100,98,2,0.98,0.02,1366.8061224489795,174.7093597111468,73.0,0.0,"[0.0, 0.0, 0.0, 0.0, 0.0, 0.0, 0.0, 0.0, 0.0, 0.0, 0.0, 0.0, 0.0, 0.0, 0.0, 0.0, 0.0, 0.0, 0.0, 0.0, 0.0, 0.0, 0.0, 0.0, 0.0, 0.0, 0.0, 0.0, 0.0, 0.0, 0.0, 0.0, 0.0, 0.0, 0.0, 0.0, 0.0, 0.0, 0.0, 0.0, 0.0, 0.0, 0.0, 0.0, 0.0, 0.0, 0.0, 0.0, 0.0, 0.0, 0.0, 0.0, 0.0, 0.0, 0.0, 0.0, 0.0, 0.0, 0.0, 0.0, 0.0, 0.0, 0.0, 0.0, 0.0, 0.0, 0.0, 0.0, 0.0, 0.0, 0.0, 0.0, 0.0, 0.0, 0.0, 0.0, 0.0, 0.0, 0.0, 0.0, 0.0, 0.0, 0.0, 0.0, 0.0, 0.0, 0.0, 0.0, 0.0, 0.0, 0.0, 0.0, 0.0, 0.0, 0.0, 0.0, 0.0]",0.0,0.0,0.0,0.0,[0.0],0.0,0.0,0.0,0.0,1.746106780494506,6.533333333333333,7.0,7,10,0,8,2,-210,-105,-1392,-1392,-1392,-1392,-1392,-1392,-1392,-1392,1661776802.0,1661776802.0,1661776802.0,0.0,1661776802.0,1661776802.0,1661776802.0,0.0,98,98.0,1
B,100,24,24,0.24,0.24,96.33333333333333,1.9720265943665387,100.33333333333333,1.9720265943665387,"[5.0, 21.0, 5.0, 17.0, 14.0, 7.0, 21.0, 4.0, 17.0, 14.0, 8.0, 21.0, 2.0, 19.0, 12.0, 10.0, 21.0, 0.0, 21.0, 10.0, 12.0, 19.0, 2.0]",21.0,12.26086956521739,6.960868207370261,19.0,"[5.0, 21.0, 5.0, 17.0, 14.0, 7.0, 21.0, 4.0, 17.0, 14.0, 8.0, 21.0, 2.0, 19.0, 12.0, 10.0, 21.0, 0.0, 21.0, 10.0, 12.0, 19.0, 2.0]",21.0,12.26086956521739,6.960868207370261,19.0,1.7435595774162698,1.6,0.0,4,5,5,0,0,-94,98,102,-98,102,-98,-94,98,102,-98,1661776872.25,1661776948.5,1661777023.0,282.0,1661776872.25,1661776948.5,1661777023.0,282.0,2,1.6,15
B,100,34,37,0.34,0.37,307.47058823529414,455.5552032987826,102.08108108108108,56.10722282278207,"[5.0, 0.0, 0.0, 194.0, 0.0, 0.0, 0.0, 0.0, 0.0, 0.0, 16.0, 4.0, 0.0, 0.0, 1.0, 0.0, 31.0, 0.0, 0.0, 0.0, 0.0, 0.0, 15.0, 5.0, 0.0, 0.0, 16.0, 0.0, 0.0, 0.0, 0.0, 0.0, 0.0]",194.0,8.696969696969697,33.44147746526292,1.0,"[5.0, 0.0, 0.0, 194.0, 0.0, 0.0, 0.0, 0.0, 0.0, 0.0, 0.0, 16.0, 4.0, 0.0, 1.0, 0.0, 0.0, 31.0, 0.0, 0.0, 0.0, 0.0, 0.0, 0.0, 15.0, 5.0, 0.0, 0.0, 16.0, 0.0, 0.0, 0.0, 0.0, 0.0, 0.0, 0.0]",194.0,7.972222222222222,32.107879018423624,0.25,1.6519348924485158,2.2666666666666666,3.0,4,5,5,0,0,66,-66,66,97,-78,-66,-66,66,78,-74,1661777007.0,1661777043.5,1661777079.0,287.0,1661777007.0,1661777059.0,1661777079.0,287.0,4,1.7,20
B,100,42,58,0.42,0.58,508.0,530.4850879821493,826.6551724137931,556.7601028525828,"[0.0, 0.0, 0.0, 0.0, 0.0, 0.0, 0.0, 30.0, 0.0, 0.0, 0.0, 0.0, 0.0, 0.0, 0.0, 30.0, 0.0, 0.0, 0.0, 0.0, 0.0, 0.0, 0.0, 30.0, 0.0, 0.0, 0.0, 0.0, 0.0, 0.0, 31.0, 0.0, 0.0, 0.0, 0.0, 0.0, 0.0, 0.0, 30.0, 0.0, 0.0]",31.0,3.682926829268293,9.883316872856005,0.0,"[0.0, 0.0, 0.0, 0.0, 0.0, 0.0, 0.0, 0.0, 0.0, 30.0, 0.0, 0.0, 0.0, 0.0, 0.0, 0.0, 0.0, 0.0, 0.0, 30.0, 0.0, 0.0, 0.0, 0.0, 0.0, 0.0, 0.0, 0.0, 0.0, 30.0, 0.0, 0.0, 0.0, 0.0, 0.0, 0.0, 0.0, 1.0, 0.0, 30.0, 0.0, 0.0, 0.0, 0.0, 0.0, 0.0, 0.0, 0.0, 0.0, 30.0, 0.0, 0.0, 0.0, 0.0, 0.0, 0.0, 0.0]",30.0,2.6491228070175437,8.48216131855798,0.0,2.006655592438988,2.8,3.0,6,2,8,3,7,1392,-1392,75,873,333,1392,1204,1392,1205,-67,1661776847.0,1661776877.0,1661776930.25,151.0,1661776847.0,1661776877.0,1661776938.0,151.0,7,3.5,12
B,100,27,27,0.27,0.27,106.74074074074075,11.419906572208452,170.88888888888889,250.45696508187726,"[1.0, 29.0, 2.0, 29.0, 2.0, 28.0, 3.0, 24.0, 0.0, 3.0, 1.0, 6.0, 0.0, 24.0, 7.0, 23.0, 8.0, 22.0, 9.0, 22.0, 8.0, 10.0, 0.0, 10.0, 0.0, 2.0]",29.0,10.5,10.330127707900735,22.0,"[1.0, 29.0, 2.0, 29.0, 2.0, 28.0, 3.0, 24.0, 0.0, 3.0, 1.0, 6.0, 0.0, 24.0, 7.0, 23.0, 8.0, 22.0, 9.0, 22.0, 8.0, 10.0, 0.0, 10.0, 1.0, 1.0]",29.0,10.5,10.326403797286613,22.0,1.7587874611030563,1.8,2.0,4,5,5,0,0,118,-114,-94,98,118,-114,-94,98,118,-114,1661776909.5,1661776945.0,1661777049.0,273.0,1661776909.5,1661776945.0,1661777049.0,273.0,2,1.5,18
B,100,32,36,0.32,0.36,67.25,6.777720855862979,177.33333333333334,75.8961278473561,"[0.0, 25.0, 0.0, 0.0, 26.0, 0.0, 0.0, 25.0, 0.0, 0.0, 25.0, 0.0, 0.0, 25.0, 0.0, 0.0, 25.0, 0.0, 25.0, 0.0, 0.0, 25.0, 0.0, 0.0, 26.0, 0.0, 25.0, 0.0, 25.0, 0.0, 0.0]",26.0,8.935483870967742,12.050794335673794,25.0,"[0.0, 0.0, 25.0, 0.0, 0.0, 26.0, 0.0, 0.0, 25.0, 0.0, 0.0, 25.0, 0.0, 0.0, 25.0, 0.0, 0.0, 25.0, 0.0, 0.0, 25.0, 0.0, 0.0, 25.0, 0.0, 0.0, 26.0, 0.0, 0.0, 25.0, 0.0, 0.0, 25.0, 0.0, 0.0]",26.0,7.914285714285715,11.692174253555674,25.0,1.746106780494506,2.1333333333333333,2.0,5,5,5,0,0,231,231,-62,-76,70,231,231,-62,-76,-62,1661776887.75,1661776944.0,1661777019.0,277.0,1661776887.75,1661776956.5,1661777025.5,277.0,3,2.0,16
B,100,24,24,0.24,0.24,70.0,7.0,151.625,80.67207927777739,"[0.0, 25.0, 0.0, 25.0, 0.0, 25.0, 0.0, 25.0, 0.0, 25.0, 0.0, 26.0, 0.0, 25.0, 0.0, 25.0, 0.0, 25.0, 0.0, 25.0, 0.0, 25.0, 0.0]",26.0,12.0,12.535167920000461,25.0,"[0.0, 25.0, 0.0, 25.0, 0.0, 25.0, 0.0, 25.0, 0.0, 25.0, 1.0, 25.0, 0.0, 25.0, 0.0, 25.0, 0.0, 25.0, 0.0, 25.0, 0.0, 25.0, 0.0]",25.0,12.0,12.448153346546244,25.0,1.7435595774162698,1.6,0.0,4,5,5,0,0,239,-63,-77,71,239,-63,-77,71,239,-63,1661776888.75,1661776958.0,1661777027.25,276.0,1661776888.75,1661776958.5,1661777027.25,276.0,2,2.0,12
B,100,51,49,0.51,0.49,407.6666666666667,466.45793651298044,641.530612244898,559.0346308151629,"[0.0, 0.0, 0.0, 0.0, 0.0, 0.0, 0.0, 0.0, 0.0, 0.0, 0.0, 30.0, 0.0, 0.0, 1.0, 0.0, 0.0, 0.0, 0.0, 0.0, 0.0, 0.0, 0.0, 30.0, 0.0, 0.0, 0.0, 0.0, 0.0, 0.0, 0.0, 0.0, 0.0, 0.0, 0.0, 30.0, 0.0, 0.0, 0.0, 0.0, 0.0, 0.0, 0.0, 0.0, 0.0, 0.0, 0.0, 30.0, 0.0, 0.0]",30.0,2.42,8.134101056662622,0.0,"[0.0, 0.0, 0.0, 0.0, 0.0, 0.0, 0.0, 0.0, 0.0, 0.0, 30.0, 0.0, 1.0, 0.0, 0.0, 0.0, 0.0, 0.0, 0.0, 0.0, 0.0, 0.0, 30.0, 0.0, 0.0, 0.0, 0.0, 0.0, 0.0, 0.0, 0.0, 0.0, 0.0, 0.0, 30.0, 0.0, 0.0, 0.0, 0.0, 0.0, 0.0, 0.0, 0.0, 0.0, 0.0, 0.0, 30.0, 0.0]",30.0,2.5208333333333335,8.286509074326107,0.0,1.7435595774162693,3.4,4.0,7,4,6,5,5,1292,120,-1292,-829,-133,-67,1292,75,743,1288,1661776855.0,1661776886.0,1661776916.0,121.0,1661776855.0,1661776886.0,1661776916.0,121.0,7,3.4,15
B,100,6,0,0.06,0.0,74.0,0.0,0.0,0.0,"[1.0, 2.0, 56.0, 1.0, 2.0]",56.0,12.4,21.804586673450153,2.0,[],0.0,0.0,0.0,0.0,1.4966629547095758,0.4,0.0,6,6,0,0,0,-74,-74,-74,-74,-74,-74,0,0,0,0,1661776842.5,1661776872.0,1661776900.75,62.0,0.0,0.0,0.0,0.0,6,6.0,1
B,100,5,11,0.05,0.11,60.0,0.0,69.45454545454545,4.979295977319692,"[60.0, 60.0, 60.0, 60.0]",60.0,60.0,0.0,60.0,"[60.0, 60.0, 40.0, 0.0, 20.0, 40.0, 0.0, 20.0, 8.0, 0.0]",60.0,24.8,22.61327044016411,40.0,0.869226987360353,0.3333333333333333,0.0,3,4,6,0,0,64,-60,64,-60,64,-60,74,74,64,-60,1661776907.0,1661776967.0,1661777027.0,240.0,1661776987.0,1661777027.0,1661777077.0,248.0,1,1.0,5
B,100,4,0,0.04,0.0,60.0,0.0,0.0,0.0,"[0.0, 184.0, 0.0]",184.0,61.333333333333336,86.73843182554982,92.0,[],0.0,0.0,0.0,0.0,0.9977753031397179,0.26666666666666666,0.0,4,4,0,0,0,-60,-60,-60,-60,0,0,0,0,0,0,1661776863.0,1661776955.0,1661777047.0,184.0,0.0,0.0,0.0,0.0,4,4.0,1
B,100,39,43,0.39,0.43,446.28205128205127,491.03454099184745,232.74418604651163,376.36771313365034,"[0.0, 0.0, 0.0, 0.0, 0.0, 0.0, 0.0, 0.0, 75.0, 0.0, 0.0, 0.0, 0.0, 0.0, 0.0, 0.0, 0.0, 0.0, 75.0, 0.0, 0.0, 0.0, 0.0, 0.0, 0.0, 0.0, 0.0, 0.0, 76.0, 0.0, 0.0, 0.0, 0.0, 0.0, 0.0, 0.0, 0.0, 0.0]",76.0,5.947368421052632,20.314562275451895,0.0,"[0.0, 0.0, 0.0, 0.0, 0.0, 0.0, 0.0, 0.0, 0.0, 75.0, 0.0, 0.0, 0.0, 0.0, 0.0, 0.0, 0.0, 0.0, 0.0, 0.0, 75.0, 0.0, 0.0, 0.0, 0.0, 0.0, 0.0, 0.0, 0.0, 0.0, 0.0, 76.0, 0.0, 0.0, 0.0, 0.0, 0.0, 0.0, 0.0, 0.0, 0.0, 0.0]",76.0,5.380952380952381,19.401708786982535,0.0,1.6653327995729061,2.6,3.0,5,6,4,0,0,1392,270,170,163,-1392,-62,-1090,-60,-764,-761,1661776944.0,1661777019.0,1661777057.0,226.0,1661776944.0,1661777019.0,1661777057.0,226.0,8,4.875,8
B,100,2,2,0.02,0.02,150.0,0.0,89.0,0.0,[0.0],0.0,0.0,0.0,0.0,[0.0],0.0,0.0,0.0,0.0,0.4988876515698589,0.13333333333333333,0.0,2,2,2,0,0,89,-150,89,-150,0,0,0,0,0,0,1661776935.0,1661776935.0,1661776935.0,0.0,1661776935.0,1661776935.0,1661776935.0,0.0,1,1.0,2
B,100,9,0,0.09,0.0,74.0,0.0,0.0,0.0,"[1.0, 2.0, 62.0, 1.0, 2.0, 62.0, 1.0, 2.0]",62.0,16.625,26.20084683745928,17.0,[],0.0,0.0,0.0,0.0,1.781385228784985,0.6,0.0,7,9,0,0,0,-74,-74,-74,-74,-74,-74,-74,-74,-74,0,1661776968.0,1661777031.0,1661777095.0,133.0,0.0,0.0,0.0,0.0,9,9.0,1
B,100,8,11,0.08,0.11,479.5,543.2828453025182,838.2727272727273,603.8552040332322,"[0.0, 0.0, 0.0, 85.0, 0.0, 0.0, 0.0]",85.0,12.142857142857142,29.743804019510026,0.0,"[0.0, 0.0, 1.0, 0.0, 84.0, 0.0, 0.0, 0.0, 0.0, 0.0]",84.0,8.5,25.168432609123677,0.0,1.14697670227235,0.5333333333333333,0.0,4,4,6,0,0,1392,1392,1212,-1392,-67,-392,-67,75,75,1392,1661777007.0,1661777049.5,1661777092.0,85.0,1661777007.5,1661777092.0,1661777092.0,85.0,4,4.0,2
B,100,1,2,0.01,0.02,92.0,0.0,80.0,14.0,[],0.0,0.0,0.0,0.0,[0.0],0.0,0.0,0.0,0.0,0.24944382578492946,0.06666666666666667,0.0,1,1,2,0,0,94,-92,66,0,0,0,0,0,0,0,1661777029.0,1661777029.0,1661777029.0,0.0,1661777029.0,1661777029.0,1661777029.0,0.0,1,1.0,1
B,100,1,2,0.01,0.02,92.0,0.0,80.0,14.0,[],0.0,0.0,0.0,0.0,[0.0],0.0,0.0,0.0,0.0,0.24944382578492946,0.06666666666666667,0.0,1,1,2,0,0,94,-92,66,0,0,0,0,0,0,0,1661777029.0,1661777029.0,1661777029.0,0.0,1661777029.0,1661777029.0,1661777029.0,0.0,1,1.0,1
B,100,14,20,0.14,0.2,573.3571428571429,510.50963432113,801.65,563.7280616573917,"[0.0, 0.0, 0.0, 0.0, 0.0, 30.0, 0.0, 0.0, 0.0, 0.0, 0.0, 0.0, 0.0]",30.0,2.3076923076923075,7.994080650317894,0.0,"[0.0, 0.0, 0.0, 0.0, 0.0, 0.0, 0.0, 0.0, 0.0, 30.0, 0.0, 0.0, 0.0, 0.0, 0.0, 0.0, 0.0, 0.0, 0.0]",30.0,1.5789473684210527,6.6989063480830815,0.0,1.6110727964792766,0.9333333333333333,0.0,5,2,8,0,0,1392,-1392,75,873,334,1392,1204,1392,1205,-67,1661777059.0,1661777089.0,1661777089.0,30.0,1661777059.0,1661777074.0,1661777089.0,30.0,7,3.5,4
B,100,24,23,0.24,0.23,381.1666666666667,460.1623505773684,650.1304347826087,558.3081823375226,"[0.0, 0.0, 0.0, 0.0, 0.0, 0.0, 0.0, 0.0, 0.0, 0.0, 0.0, 30.0, 0.0, 0.0, 0.0, 0.0, 0.0, 0.0, 0.0, 0.0, 0.0, 0.0, 0.0]",30.0,1.3043478260869565,6.117933599769691,0.0,"[0.0, 0.0, 0.0, 0.0, 0.0, 0.0, 0.0, 0.0, 0.0, 0.0, 30.0, 0.0, 0.0, 0.0, 0.0, 0.0, 0.0, 0.0, 0.0, 0.0, 0.0, 0.0]",30.0,1.3636363636363635,6.248966856757964,0.0,2.0591260281974004,1.6,0.0,6,4,6,0,0,1292,119,-1292,-835,-126,-67,1292,75,743,1288,1661777067.0,1661777082.0,1661777097.0,30.0,1661777067.0,1661777097.0,1661777097.0,30.0,7,4.0,6
B,100,5,6,0.05,0.06,97.2,58.48213402399061,83.83333333333333,31.275212051861274,"[0.0, 0.0, 0.0, 0.0]",0.0,0.0,0.0,0.0,"[0.0, 0.0, 0.0, 0.0, 0.0]",0.0,0.0,0.0,0.0,1.0110500592068732,0.3333333333333333,0.0,4,4,6,0,0,74,-74,66,153,-66,-214,-66,78,66,66,1661777078.0,1661777078.0,1661777078.0,0.0,1661777078.0,1661777078.0,1661777078.0,0.0,3,1.6666666666666667,3
B,100,5,95,0.05,0.95,508.6,552.3895726749374,234.56842105263158,385.20476175205096,"[0.0, 0.0, 0.0, 0.0]",0.0,0.0,0.0,0.0,"[0.0, 0.0, 0.0, 0.0, 20.0, 0.0, 0.0, 0.0, 1.0, 0.0, 0.0, 0.0, 1.0, 0.0, 2.0, 0.0, 4.0, 0.0, 0.0, 0.0, 0.0, 0.0, 0.0, 0.0, 0.0, 0.0, 0.0, 0.0, 0.0, 0.0, 0.0, 0.0, 1.0, 0.0, 0.0, 0.0, 0.0, 0.0, 0.0, 1.0, 0.0, 0.0, 1.0, 0.0, 0.0, 1.0, 0.0, 0.0, 0.0, 0.0, 1.0, 0.0, 0.0, 0.0, 1.0, 1.0, 0.0, 0.0, 0.0, 0.0, 1.0, 0.0, 1.0, 2.0, 0.0, 0.0, 4.0, 0.0, 0.0, 0.0, 5.0, 0.0, 3.0, 12.0, 1.0, 1.0, 1.0, 1.0, 0.0, 1.0, 0.0, 0.0, 2.0, 0.0, 1.0, 0.0, 0.0, 3.0, 0.0, 1.0, 1.0, 1.0, 1.0, 1.0]",20.0,0.8404255319148937,2.4980979636403107,1.0,1.0110500592068732,0.3333333333333333,0.0,4,5,5,0,10,1292,278,-1292,-62,-1067,-60,70,70,81,-62,1661777101.0,1661777101.0,1661777101.0,0.0,1661777129.0,1661777133.0,1661777146.5,79.0,4,2.5,2
B,100,7,71,0.07,0.71,138.28571428571428,125.82154515221069,98.5774647887324,44.180061136483374,"[0.0, 0.0, 0.0, 0.0, 0.0, 15.0]",15.0,2.5,5.5901699437494745,0.0,"[0.0, 0.0, 0.0, 0.0, 0.0, 0.0, 15.0, 5.0, 0.0, 0.0, 1.0, 0.0, 1.0, 13.0, 1.0, 2.0, 4.0, 8.0, 2.0, 14.0, 0.0, 1.0, 1.0, 0.0, 1.0, 4.0, 3.0, 6.0, 1.0, 15.0, 0.0, 1.0, 2.0, 1.0, 3.0, 3.0, 5.0, 16.0, 0.0, 1.0, 2.0, 1.0, 3.0, 3.0, 6.0, 16.0, 0.0, 1.0, 2.0, 4.0, 3.0, 5.0, 16.0, 0.0, 1.0, 2.0, 4.0, 3.0, 6.0, 16.0, 0.0, 1.0, 2.0, 4.0, 3.0, 5.0, 16.0, 0.0, 1.0, 2.0]",16.0,3.6857142857142855,4.80340015626686,4.0,1.0241527663824812,0.4666666666666667,0.0,3,4,6,0,0,78,-74,66,233,-66,-207,66,117,-66,225,1661777101.0,1661777101.0,1661777101.0,15.0,1661777147.0,1661777206.0,1661777285.0,258.0,2,1.4,5
B,100,2,22,0.02,0.22,70.0,7.0,139.04545454545453,75.93446772335835,[0.0],0.0,0.0,0.0,0.0,"[0.0, 28.0, 0.0, 1.0, 0.0, 0.0, 1.0, 2.0, 3.0, 0.0, 0.0, 0.0, 1.0, 0.0, 2.0, 0.0, 4.0, 0.0, 8.0, 0.0, 2.0]",28.0,2.4761904761904763,6.012835854348418,2.0,0.4988876515698589,0.13333333333333333,0.0,2,2,8,0,0,230,-63,-77,71,230,230,230,230,230,230,1661777101.0,1661777101.0,1661777101.0,0.0,1661777130.0,1661777136.0,1661777139.0,52.0,2,2.0,1
B,100,99,1,0.99,0.01,1264.050505050505,163.99558836991753,71.0,0.0,"[0.0, 0.0, 0.0, 0.0, 0.0, 0.0, 0.0, 0.0, 0.0, 0.0, 0.0, 0.0, 0.0, 0.0, 0.0, 0.0, 0.0, 0.0, 0.0, 0.0, 0.0, 0.0, 0.0, 0.0, 0.0, 0.0, 0.0, 0.0, 0.0, 0.0, 0.0, 0.0, 0.0, 0.0, 0.0, 0.0, 0.0, 0.0, 0.0, 0.0, 0.0, 0.0, 0.0, 0.0, 0.0, 0.0, 0.0, 0.0, 0.0, 0.0, 0.0, 0.0, 0.0, 0.0, 0.0, 0.0, 0.0, 0.0, 0.0, 0.0, 0.0, 0.0, 0.0, 0.0, 0.0, 0.0, 0.0, 0.0, 0.0, 0.0, 0.0, 0.0, 0.0, 0.0, 0.0, 0.0, 0.0, 0.0, 0.0, 0.0, 0.0, 0.0, 0.0, 0.0, 0.0, 0.0, 0.0, 0.0, 0.0, 0.0, 0.0, 0.0, 0.0, 0.0, 0.0, 0.0, 0.0, 0.0]",0.0,0.0,0.0,0.0,[],0.0,0.0,0.0,0.0,1.254325848148452,6.6,7.0,7,10,0,9,1,-276,-121,-1292,-1292,-1292,-1292,-1292,-1292,-1292,-1292,1661777102.0,1661777102.0,1661777102.0,0.0,1661777102.0,1661777102.0,1661777102.0,0.0,94,49.5,2
B,100,96,4,0.96,0.04,1366.34375,176.07933984221668,75.25,1.299038105676658,"[0.0, 0.0, 0.0, 0.0, 0.0, 0.0, 0.0, 0.0, 0.0, 0.0, 0.0, 0.0, 0.0, 0.0, 0.0, 0.0, 0.0, 0.0, 0.0, 0.0, 0.0, 0.0, 0.0, 0.0, 0.0, 0.0, 0.0, 0.0, 0.0, 0.0, 0.0, 0.0, 0.0, 0.0, 0.0, 0.0, 0.0, 0.0, 0.0, 0.0, 0.0, 0.0, 0.0, 0.0, 0.0, 0.0, 0.0, 0.0, 0.0, 0.0, 0.0, 0.0, 0.0, 0.0, 0.0, 0.0, 0.0, 0.0, 0.0, 0.0, 0.0, 0.0, 0.0, 0.0, 0.0, 0.0, 0.0, 0.0, 0.0, 0.0, 0.0, 0.0, 0.0, 0.0, 0.0, 0.0, 0.0, 0.0, 0.0, 0.0, 0.0, 0.0, 0.0, 0.0, 0.0, 0.0, 0.0, 0.0, 0.0, 0.0, 0.0, 0.0, 0.0, 0.0, 0.0]",0.0,0.0,0.0,0.0,"[0.0, 0.0, 0.0]",0.0,0.0,0.0,0.0,1.3564659966250536,6.4,7.0,7,8,2,10,0,-217,-104,-1392,-1392,-1392,-1392,-1392,-1392,73,76,1661777102.0,1661777102.0,1661777102.0,0.0,1661777102.0,1661777102.0,1661777102.0,0.0,72,32.0,3
B,100,24,57,0.24,0.57,81.875,22.25105334585309,207.56140350877192,211.28471001411685,"[0.0, 0.0, 0.0, 0.0, 0.0, 0.0, 0.0, 2.0, 0.0, 0.0, 0.0, 0.0, 0.0, 0.0, 0.0, 2.0, 0.0, 0.0, 0.0, 4.0, 0.0, 0.0, 0.0]",4.0,0.34782608695652173,0.960466175407588,0.0,"[0.0, 0.0, 0.0, 0.0, 2.0, 0.0, 0.0, 0.0, 0.0, 2.0, 0.0, 0.0, 4.0, 0.0, 0.0, 22.0, 0.0, 0.0, 1.0, 0.0, 1.0, 0.0, 1.0, 1.0, 2.0, 1.0, 96.0, 0.0, 0.0, 0.0, 0.0, 1.0, 0.0, 0.0, 0.0, 0.0, 0.0, 1.0, 1.0, 0.0, 0.0, 0.0, 0.0, 1.0, 3.0, 0.0, 0.0, 0.0, 0.0, 1.0, 7.0, 0.0, 0.0, 0.0, 0.0, 1.0]",96.0,2.6607142857142856,12.956350877512715,1.0,2.0591260281974004,1.6,0.0,6,7,3,0,0,590,-74,-128,-68,81,528,-68,-74,-99,-68,1661777102.0,1661777104.0,1661777106.0,8.0,1661777110.0,1661777235.0,1661777238.0,149.0,7,2.6666666666666665,9
B,100,24,24,0.24,0.24,96.33333333333333,1.9720265943665387,100.33333333333333,1.9720265943665387,"[7.0, 14.0, 18.0, 3.0, 22.0, 5.0, 16.0, 15.0, 6.0, 22.0, 3.0, 19.0, 12.0, 9.0, 21.0, 1.0, 20.0, 11.0, 11.0, 19.0, 2.0, 21.0, 9.0]",22.0,12.434782608695652,6.908256477682098,19.0,"[7.0, 14.0, 18.0, 3.0, 22.0, 5.0, 16.0, 15.0, 6.0, 22.0, 3.0, 19.0, 12.0, 9.0, 21.0, 1.0, 20.0, 11.0, 11.0, 19.0, 2.0, 21.0, 9.0]",22.0,12.434782608695652,6.908256477682098,19.0,1.7435595774162698,1.6,0.0,4,5,5,0,0,102,-98,-94,98,102,-98,-94,98,102,-98,1661777176.75,1661777249.5,1661777324.75,286.0,1661777176.75,1661777249.5,1661777324.75,286.0,2,1.7142857142857142,14
B,100,33,43,0.33,0.43,404.42424242424244,437.5329618961732,112.13953488372093,72.42400392114284,"[5.0, 0.0, 0.0, 249.0, 0.0, 0.0, 0.0, 0.0, 0.0, 0.0, 0.0, 0.0, 0.0, 0.0, 0.0, 0.0, 0.0, 0.0, 0.0, 0.0, 0.0, 0.0, 0.0, 0.0, 2.0, 0.0, 1.0, 0.0, 0.0, 5.0, 15.0, 4.0]",249.0,8.78125,43.23969123892422,0.0,"[5.0, 0.0, 0.0, 25.0, 1.0, 2.0, 221.0, 0.0, 0.0, 0.0, 0.0, 0.0, 0.0, 0.0, 0.0, 0.0, 0.0, 0.0, 0.0, 0.0, 0.0, 0.0, 0.0, 0.0, 0.0, 0.0, 0.0, 0.0, 0.0, 2.0, 0.0, 0.0, 0.0, 1.0, 0.0, 0.0, 0.0, 5.0, 0.0, 15.0, 4.0, 0.0]",221.0,6.690476190476191,33.766345668035235,0.0,1.7204650534085255,2.2,3.0,5,4,6,0,0,66,-66,66,97,-78,-66,-66,66,78,74,1661777364.0,1661777364.0,1661777364.0,281.0,1661777364.0,1661777364.0,1661777366.0,281.0,4,1.65,20
B,100,7,10,0.07,0.1,551.1428571428571,547.7816114817574,801.6,563.7217753466687,"[0.0, 0.0, 0.0, 0.0, 0.0, 0.0]",0.0,0.0,0.0,0.0,"[0.0, 0.0, 0.0, 0.0, 0.0, 0.0, 0.0, 0.0, 0.0]",0.0,0.0,0.0,0.0,1.25786415094088,0.4666666666666667,0.0,5,2,8,0,0,1392,-1392,75,872,334,1392,1205,1392,1204,-67,1661777119.0,1661777119.0,1661777119.0,0.0,1661777119.0,1661777119.0,1661777119.0,0.0,6,3.5,2
B,100,48,52,0.48,0.52,123.58333333333333,49.92487411657195,151.6153846153846,243.14510971577906,"[1.0, 9.0, 0.0, 3.0, 0.0, 0.0, 10.0, 8.0, 2.0, 0.0, 0.0, 0.0, 10.0, 0.0, 10.0, 0.0, 0.0, 0.0, 9.0, 1.0, 0.0, 10.0, 0.0, 0.0, 0.0, 0.0, 0.0, 19.0, 7.0, 16.0, 0.0, 0.0, 2.0, 0.0, 0.0, 0.0, 0.0, 0.0, 0.0, 5.0, 5.0, 1.0, 0.0, 0.0, 0.0, 10.0, 0.0]",19.0,2.9361702127659575,4.74186539880555,5.0,"[1.0, 9.0, 0.0, 3.0, 0.0, 1.0, 9.0, 0.0, 8.0, 2.0, 0.0, 0.0, 0.0, 0.0, 10.0, 0.0, 0.0, 10.0, 0.0, 0.0, 0.0, 9.0, 1.0, 0.0, 0.0, 10.0, 0.0, 0.0, 0.0, 0.0, 0.0, 19.0, 7.0, 16.0, 0.0, 0.0, 0.0, 2.0, 0.0, 0.0, 0.0, 0.0, 0.0, 0.0, 5.0, 5.0, 1.0, 0.0, 0.0, 0.0, 10.0]",19.0,2.7058823529411766,4.581694684528597,4.0,0.7483314773547882,3.2,3.0,4,5,5,5,5,-94,98,118,-114,-90,106,-102,66,-122,1514,1661777153.0,1661777193.0,1661777237.0,138.0,1661777153.0,1661777188.0,1661777237.0,138.0,2,1.3333333333333333,36
B,100,16,19,0.16,0.19,535.1875,606.5474238208831,286.1578947368421,370.9227842979686,"[0.0, 0.0, 247.0, 0.0, 0.0, 0.0, 0.0, 0.0, 0.0, 0.0, 0.0, 0.0, 0.0, 25.0, 0.0]",247.0,18.133333333333333,61.48264434420135,0.0,"[0.0, 0.0, 247.0, 0.0, 0.0, 0.0, 0.0, 0.0, 0.0, 0.0, 0.0, 0.0, 0.0, 0.0, 0.0, 0.0, 25.0, 0.0]",247.0,15.11111111111111,56.531101458389834,0.0,1.5260697523012796,1.0666666666666667,0.0,4,4,6,0,0,231,231,-62,-76,-62,70,74,-74,1292,362,1661777367.0,1661777367.0,1661777367.0,272.0,1661777367.0,1661777367.0,1661777367.0,272.0,5,2.6666666666666665,6
B,100,0,100,0.0,1.0,0.0,0.0,584.73,585.5108172356853,[],0.0,0.0,0.0,0.0,"[0.0, 0.0, 0.0, 1.0, 2.0, 1.0, 0.0, 0.0, 0.0, 0.0, 0.0, 0.0, 1.0, 0.0, 1.0, 1.0, 0.0, 1.0, 3.0, 0.0, 8.0, 0.0, 46.0, 0.0, 0.0, 0.0, 1.0, 0.0, 0.0, 1.0, 1.0, 0.0, 1.0, 0.0, 3.0, 0.0, 0.0, 8.0, 0.0, 15.0, 0.0, 0.0, 1.0, 0.0, 1.0, 0.0, 1.0, 1.0, 0.0, 0.0, 1.0, 0.0, 0.0, 1.0, 1.0, 0.0, 1.0, 0.0, 0.0, 3.0, 1.0, 4.0, 4.0, 11.0, 1.0, 0.0, 0.0, 0.0, 1.0, 0.0, 1.0, 1.0, 0.0, 0.0, 4.0, 0.0, 8.0, 0.0, 15.0, 0.0, 0.0, 1.0, 0.0, 1.0, 0.0, 1.0, 0.0, 1.0, 0.0, 0.0, 0.0, 0.0, 1.0, 0.0, 0.0, 0.0, 1.0, 1.0, 0.0]",46.0,1.6565656565656566,5.238092057925803,1.0,0.0,0.0,0.0,0,0,10,0,10,1292,120,1292,1292,1292,1292,1292,1292,121,74,0.0,0.0,0.0,0.0,1661777193.0,1661777227.0,1661777259.0,164.0,0,0.0,0
B,100,0,100,0.0,1.0,0.0,0.0,747.98,567.4056393798003,[],0.0,0.0,0.0,0.0,"[8.0, 0.0, 0.0, 0.0, 0.0, 1.0, 0.0, 0.0, 1.0, 0.0, 0.0, 0.0, 0.0, 0.0, 0.0, 0.0, 1.0, 0.0, 0.0, 1.0, 0.0, 0.0, 0.0, 0.0, 0.0, 1.0, 0.0, 1.0, 1.0, 0.0, 0.0, 0.0, 1.0, 0.0, 0.0, 0.0, 0.0, 0.0, 1.0, 0.0, 1.0, 0.0, 0.0, 1.0, 4.0, 1.0, 0.0, 0.0, 0.0, 1.0, 7.0, 0.0, 1.0, 1.0, 0.0, 0.0, 2.0, 1.0, 3.0, 0.0, 1.0, 1.0, 1.0, 1.0, 2.0, 9.0, 1.0, 0.0, 1.0, 1.0, 1.0, 3.0, 0.0, 0.0, 1.0, 1.0, 1.0, 1.0, 2.0, 2.0, 0.0, 1.0, 1.0, 2.0, 18.0, 0.0, 1.0, 1.0, 2.0, 0.0, 4.0, 0.0, 1.0, 1.0, 2.0, 17.0, 0.0, 1.0, 1.0]",18.0,1.2424242424242424,2.7855721683106416,1.0,0.0,0.0,0.0,0,0,10,0,10,66,74,74,74,74,74,74,74,74,74,0.0,0.0,0.0,0.0,1661777144.0,1661777156.5,1661777194.25,123.0,0,0.0,0
B,100,0,12,0.0,0.12,0.0,0.0,66.0,0.0,[],0.0,0.0,0.0,0.0,"[0.0, 0.0, 0.0, 0.0, 0.0, 1.0, 0.0, 0.0, 0.0, 1.0, 0.0]",1.0,0.18181818181818182,0.385694607919935,0.0,0.0,0.0,0.0,0,0,10,0,0,66,66,66,66,66,66,66,66,66,66,0.0,0.0,0.0,0.0,1661777140.0,1661777140.5,1661777141.0,2.0,0,0.0,0
B,100,26,50,0.26,0.5,649.3076923076923,620.0582955987513,142.32,164.7352348467079,"[0.0, 0.0, 0.0, 0.0, 0.0, 0.0, 0.0, 0.0, 0.0, 0.0, 0.0, 0.0, 0.0, 0.0, 0.0, 0.0, 0.0, 0.0, 0.0, 0.0, 0.0, 26.0, 0.0, 1.0, 0.0]",26.0,1.08,5.090540246378571,0.0,"[0.0, 0.0, 0.0, 0.0, 0.0, 0.0, 0.0, 0.0, 1.0, 0.0, 0.0, 0.0, 0.0, 0.0, 1.0, 0.0, 0.0, 224.0, 0.0, 0.0, 0.0, 0.0, 0.0, 0.0, 0.0, 0.0, 0.0, 0.0, 0.0, 0.0, 0.0, 0.0, 0.0, 0.0, 0.0, 0.0, 0.0, 0.0, 0.0, 1.0, 0.0, 0.0, 0.0, 0.0, 0.0, 25.0, 0.0, 1.0, 0.0]",224.0,5.163265306122449,31.783288471655506,0.0,2.1437246921084703,1.7333333333333334,0.0,6,0,10,0,0,66,66,66,66,66,66,66,66,66,66,1661777366.0,1661777366.0,1661777366.0,27.0,1661777141.0,1661777366.0,1661777366.0,253.0,10,5.2,5
B,100,12,0,0.12,0.0,74.0,0.0,0.0,0.0,"[1.0, 2.0, 62.0, 1.0, 2.0, 62.0, 1.0, 2.0, 62.0, 1.0, 2.0]",62.0,18.0,26.947760912213433,32.0,[],0.0,0.0,0.0,0.0,2.072036035722674,0.8,0.0,7,10,0,0,0,-74,-74,-74,-74,-74,-74,-74,-74,-74,-74,1661777209.5,1661777259.0,1661777308.5,198.0,0.0,0.0,0.0,0.0,12,12.0,1
B,100,0,37,0.0,0.37,0.0,0.0,74.0,0.0,[],0.0,0.0,0.0,0.0,"[0.0, 0.0, 0.0, 0.0, 1.0, 0.0, 0.0, 0.0, 0.0, 0.0, 1.0, 1.0, 0.0, 0.0, 0.0, 0.0, 0.0, 0.0, 1.0, 2.0, 1.0, 0.0, 0.0, 0.0, 0.0, 1.0, 1.0, 0.0, 0.0, 6.0, 0.0, 0.0, 0.0, 0.0, 0.0, 2.0]",6.0,0.4722222222222222,1.0925533577387299,1.0,0.0,0.0,0.0,0,0,10,0,0,74,74,74,74,74,74,74,74,74,74,0.0,0.0,0.0,0.0,1661777173.0,1661777175.0,1661777181.0,17.0,0,0.0,0
B,100,0,65,0.0,0.65,0.0,0.0,74.0,0.0,[],0.0,0.0,0.0,0.0,"[0.0, 1.0, 0.0, 2.0, 0.0, 4.0, 0.0, 2.0, 6.0, 0.0, 3.0, 0.0, 1.0, 2.0, 4.0, 3.0, 6.0, 0.0, 1.0, 0.0, 1.0, 1.0, 0.0, 1.0, 2.0, 0.0, 1.0, 1.0, 1.0, 0.0, 7.0, 0.0, 3.0, 0.0, 3.0, 1.0, 2.0, 4.0, 3.0, 1.0, 2.0, 2.0, 2.0, 9.0, 11.0, 1.0, 2.0, 4.0, 8.0, 5.0, 1.0, 2.0, 4.0, 9.0, 29.0, 1.0, 0.0, 1.0, 1.0, 1.0, 4.0, 0.0, 8.0, 0.0]",29.0,2.71875,4.188782452873388,3.25,0.0,0.0,0.0,0,0,10,0,0,74,74,74,74,74,74,74,74,74,74,0.0,0.0,0.0,0.0,1661777200.0,1661777222.0,1661777272.0,174.0,0,0.0,0
B,100,0,14,0.0,0.14,0.0,0.0,170.0,0.0,[],0.0,0.0,0.0,0.0,"[10.0, 2.0, 20.0, 10.0, 1.0, 20.0, 10.0, 22.0, 10.0, 21.0, 10.0, 22.0, 10.0]",22.0,12.923076923076923,7.03246907577809,20.0,0.0,0.0,0.0,0,0,10,0,0,170,170,170,170,170,170,170,170,170,170,0.0,0.0,0.0,0.0,1661777206.5,1661777240.0,1661777292.75,168.0,0,0.0,0
B,100,0,37,0.0,0.37,0.0,0.0,74.0,0.0,[],0.0,0.0,0.0,0.0,"[0.0, 0.0, 0.0, 0.0, 1.0, 0.0, 0.0, 0.0, 0.0, 1.0, 1.0, 0.0, 0.0, 0.0, 0.0, 0.0, 0.0, 2.0, 1.0, 0.0, 0.0, 1.0, 1.0, 0.0, 0.0, 0.0, 1.0, 6.0, 1.0, 0.0, 0.0, 0.0, 1.0, 2.0, 0.0, 0.0]",6.0,0.5277777777777778,1.0925533577387299,1.0,0.0,0.0,0.0,0,0,10,0,0,74,74,74,74,74,74,74,74,74,74,0.0,0.0,0.0,0.0,1661777204.0,1661777208.0,1661777212.0,19.0,0,0.0,0
B,100,13,13,0.13,0.13,177.6153846153846,78.23685779196249,77.23076923076923,6.6581800025792,"[0.0, 1.0, 0.0, 1.0, 0.0, 8.0, 23.0, 0.0, 84.0, 20.0, 0.0, 2.0]",84.0,11.583333333333334,23.17490860583681,11.0,"[1.0, 1.0, 0.0, 1.0, 0.0, 8.0, 23.0, 0.0, 84.0, 20.0, 0.0, 2.0]",84.0,11.666666666666666,23.13487026594751,11.0,1.4544949486180954,0.8666666666666667,0.0,4,5,5,0,0,72,89,-150,-126,89,-150,72,-126,72,-126,1661777261.0,1661777270.0,1661777377.0,139.0,1661777261.0,1661777270.0,1661777377.0,140.0,2,1.1818181818181819,11
B,100,4,4,0.04,0.04,126.0,0.0,72.0,0.0,"[0.0, 31.0, 0.0]",31.0,10.333333333333334,14.613540144521982,15.5,"[1.0, 31.0, 0.0]",31.0,10.666666666666666,14.38363267359428,16.0,0.7717224601860151,0.26666666666666666,0.0,3,4,4,0,0,72,-126,72,-126,72,-126,72,-126,0,0,1661777262.0,1661777277.5,1661777293.0,31.0,1661777261.75,1661777277.5,1661777293.0,32.0,1,1.0,4
B,100,1,5,0.01,0.05,90.0,0.0,90.0,0.0,[],0.0,0.0,0.0,0.0,"[2.0, 2.0, 2.0, 25.0]",25.0,7.75,9.959292143521045,7.75,0.24944382578492946,0.06666666666666667,0.0,1,1,5,0,0,90,90,90,90,90,-90,0,0,0,0,1661777294.0,1661777294.0,1661777294.0,0.0,1661777264.0,1661777266.0,1661777268.0,31.0,1,1.0,1
B,100,0,30,0.0,0.3,0.0,0.0,74.0,0.0,[],0.0,0.0,0.0,0.0,"[0.0, 0.0, 0.0, 0.0, 1.0, 0.0, 0.0, 0.0, 0.0, 1.0, 1.0, 0.0, 0.0, 0.0, 0.0, 0.0, 2.0, 2.0, 1.0, 0.0, 0.0, 0.0, 1.0, 6.0, 1.0, 0.0, 0.0, 0.0, 1.0]",6.0,0.5862068965517241,1.1895302283214029,1.0,0.0,0.0,0.0,0,0,10,0,0,74,74,74,74,74,74,74,74,74,74,0.0,0.0,0.0,0.0,1661777267.0,1661777269.0,1661777274.0,17.0,0,0.0,0
B,100,0,4,0.0,0.04,0.0,0.0,90.0,0.0,[],0.0,0.0,0.0,0.0,"[2.0, 2.0, 2.0]",2.0,2.0,0.0,2.0,0.0,0.0,0.0,0,0,4,0,0,90,90,90,90,0,0,0,0,0,0,0.0,0.0,0.0,0.0,1661777271.5,1661777273.0,1661777274.5,6.0,0,0.0,0
B,100,0,30,0.0,0.3,0.0,0.0,74.0,0.0,[],0.0,0.0,0.0,0.0,"[0.0, 0.0, 0.0, 0.0, 1.0, 0.0, 0.0, 0.0, 0.0, 0.0, 1.0, 1.0, 0.0, 0.0, 0.0, 0.0, 1.0, 3.0, 0.0, 0.0, 0.0, 0.0, 1.0, 7.0, 0.0, 0.0, 0.0, 0.0, 1.0]",7.0,0.5517241379310345,1.3793103448275863,1.0,0.0,0.0,0.0,0,0,10,0,0,74,74,74,74,74,74,74,74,74,74,0.0,0.0,0.0,0.0,1661777299.0,1661777301.0,1661777305.0,16.0,0,0.0,0
B,100,2,98,0.02,0.98,60.0,0.0,73.08163265306122,2.8879534077724296,[60.0],60.0,60.0,0.0,60.0,"[45.0, 0.0, 0.0, 0.0, 2.0, 0.0, 0.0, 0.0, 0.0, 0.0, 0.0, 1.0, 0.0, 0.0, 0.0, 0.0, 0.0, 0.0, 0.0, 12.0, 2.0, 0.0, 0.0, 0.0, 0.0, 0.0, 0.0, 0.0, 0.0, 0.0, 0.0, 0.0, 0.0, 0.0, 0.0, 0.0, 0.0, 0.0, 0.0, 0.0, 0.0, 0.0, 0.0, 0.0, 0.0, 0.0, 0.0, 0.0, 0.0, 0.0, 0.0, 0.0, 0.0, 0.0, 0.0, 0.0, 0.0, 0.0, 0.0, 0.0, 0.0, 0.0, 0.0, 0.0, 0.0, 0.0, 0.0, 0.0, 0.0, 0.0, 0.0, 0.0, 0.0, 0.0, 0.0, 0.0, 0.0, 0.0, 0.0, 0.0, 0.0, 0.0, 0.0, 0.0, 0.0, 0.0, 0.0, 0.0, 0.0, 0.0, 0.0, 0.0, 0.0, 0.0, 0.0, 0.0, 0.0]",45.0,0.6391752577319587,4.695217059660391,0.0,0.3399346342395189,0.13333333333333333,0.0,1,1,9,0,10,64,-60,74,74,74,74,64,64,64,64,1661777334.0,1661777349.0,1661777364.0,60.0,1661777381.0,1661777381.0,1661777381.0,62.0,1,1.0,2
B,100,2,2,0.02,0.02,54.0,0.0,74.0,0.0,[0.0],0.0,0.0,0.0,0.0,[0.0],0.0,0.0,0.0,0.0,0.4988876515698589,0.13333333333333333,0.0,2,2,2,0,0,74,-54,74,-54,0,0,0,0,0,0,1661777364.0,1661777364.0,1661777364.0,0.0,1661777364.0,1661777364.0,1661777364.0,0.0,1,1.0,2
B,100,9,9,0.09,0.09,189.0,284.9444390286172,165.66666666666666,179.9938270546459,"[0.0, 0.0, 0.0, 0.0, 0.0, 0.0, 0.0, 0.0]",0.0,0.0,0.0,0.0,"[0.0, 0.0, 0.0, 0.0, 0.0, 0.0, 0.0, 0.0]",0.0,0.0,0.0,0.0,1.2543258481484518,0.6,0.0,4,4,6,0,0,74,-74,66,633,-66,-284,66,130,-66,300,1661777364.0,1661777364.0,1661777364.0,0.0,1661777364.0,1661777364.0,1661777364.0,0.0,3,1.8,5
B,100,5,5,0.05,0.05,96.8,57.683273138753144,113.0,90.0533175402217,"[0.0, 0.0, 0.0, 0.0]",0.0,0.0,0.0,0.0,"[0.0, 0.0, 0.0, 0.0]",0.0,0.0,0.0,0.0,1.0110500592068732,0.3333333333333333,0.0,4,5,5,0,0,74,-74,66,293,-66,-212,-66,66,66,-66,1661777364.0,1661777364.0,1661777364.0,0.0,1661777364.0,1661777364.0,1661777364.0,0.0,3,1.6666666666666667,3
B,100,7,7,0.07,0.07,174.14285714285714,168.5572633273576,208.71428571428572,223.1378269050731,"[0.0, 0.0, 0.0, 0.0, 0.0, 0.0]",0.0,0.0,0.0,0.0,"[0.0, 0.0, 0.0, 0.0, 0.0, 0.0]",0.0,0.0,0.0,0.0,1.203698005684519,0.4666666666666667,0.0,4,5,5,0,0,74,-74,66,561,-66,-431,66,562,-66,-450,1661777364.0,1661777364.0,1661777364.0,0.0,1661777364.0,1661777364.0,1661777364.0,0.0,3,1.75,4
B,100,8,10,0.08,0.1,174.0,174.06823374757383,165.2,184.52793826410138,"[0.0, 0.0, 0.0, 0.0, 0.0, 0.0, 0.0]",0.0,0.0,0.0,0.0,"[0.0, 0.0, 0.0, 0.0, 0.0, 0.0, 0.0, 0.0, 0.0]",0.0,0.0,0.0,0.0,1.4079141387961915,0.5333333333333333,0.0,5,4,6,0,0,74,-74,66,602,-66,-269,66,130,-66,450,1661777364.0,1661777364.0,1661777364.0,0.0,1661777364.0,1661777364.0,1661777364.0,0.0,4,2.0,4
B,100,12,14,0.12,0.14,310.0,171.13152836341993,349.64285714285717,244.49616039721275,"[0.0, 0.0, 0.0, 0.0, 1.0, 0.0, 0.0, 0.0, 0.0, 0.0, 0.0]",1.0,0.09090909090909091,0.2874797872880344,0.0,"[0.0, 0.0, 0.0, 0.0, 1.0, 0.0, 0.0, 0.0, 0.0, 0.0, 0.0, 0.0, 1.0]",1.0,0.15384615384615385,0.36080121229411,0.0,1.3759844960366863,0.8,0.0,4,5,5,0,0,74,-74,66,561,-66,-431,66,561,-66,-431,1661777364.0,1661777365.0,1661777365.0,1.0,1661777364.0,1661777365.0,1661777365.0,2.0,2,1.3333333333333333,9
B,100,61,39,0.61,0.39,1276.1639344262296,435.8688019000285,264.94871794871796,432.9692325610564,"[0.0, 0.0, 0.0, 0.0, 0.0, 0.0, 0.0, 0.0, 0.0, 0.0, 0.0, 0.0, 0.0, 0.0, 0.0, 0.0, 0.0, 0.0, 0.0, 0.0, 0.0, 0.0, 0.0, 0.0, 0.0, 0.0, 0.0, 0.0, 0.0, 0.0, 0.0, 1.0, 0.0, 0.0, 0.0, 0.0, 0.0, 0.0, 0.0, 0.0, 0.0, 0.0, 0.0, 0.0, 0.0, 0.0, 0.0, 0.0, 0.0, 0.0, 0.0, 0.0, 0.0, 0.0, 0.0, 0.0, 0.0, 0.0, 0.0, 0.0]",1.0,0.016666666666666666,0.12801909579781015,0.0,"[0.0, 0.0, 0.0, 0.0, 0.0, 0.0, 0.0, 0.0, 0.0, 0.0, 0.0, 0.0, 0.0, 0.0, 0.0, 0.0, 0.0, 0.0, 0.0, 0.0, 0.0, 0.0, 0.0, 0.0, 0.0, 0.0, 0.0, 0.0, 1.0, 0.0, 0.0, 0.0, 0.0, 0.0, 0.0, 0.0, 0.0, 0.0]",1.0,0.02631578947368421,0.16007269816574266,0.0,2.8158282775923835,4.066666666666666,5.0,7,6,4,5,5,74,-74,66,583,-66,-1462,-1462,-1462,-1055,66,1661777366.0,1661777366.0,1661777367.0,1.0,1661777366.0,1661777366.0,1661777366.5,1.0,26,10.166666666666666,6
B,100,12,13,0.12,0.13,589.0,620.6881933252262,242.23076923076923,337.5035393195965,"[0.0, 0.0, 0.0, 0.0, 0.0, 0.0, 0.0, 0.0, 0.0, 25.0, 0.0]",25.0,2.272727272727273,7.1869946822008615,0.0,"[0.0, 0.0, 0.0, 0.0, 0.0, 0.0, 0.0, 0.0, 0.0, 0.0, 25.0, 0.0]",25.0,2.0833333333333335,6.909634979907084,0.0,1.7962924780409975,0.8,0.0,7,5,5,0,0,74,-74,1292,354,66,583,-1292,-62,-247,-66,1661777367.0,1661777367.0,1661777367.0,25.0,1661777367.0,1661777367.0,1661777367.0,25.0,8,3.0,4
B,100,37,33,0.37,0.33,300.2432432432432,411.87254689621966,322.0,394.332654524378,"[0.0, 0.0, 0.0, 0.0, 0.0, 0.0, 0.0, 0.0, 0.0, 0.0, 0.0, 0.0, 0.0, 0.0, 0.0, 1.0, 1.0, 0.0, 0.0, 0.0, 0.0, 0.0, 0.0, 1.0, 0.0, 0.0, 0.0, 1.0, 0.0, 0.0, 0.0, 4.0, 0.0, 0.0, 0.0, 0.0]",4.0,0.2222222222222222,0.7114582486036499,0.0,"[0.0, 0.0, 0.0, 0.0, 0.0, 0.0, 0.0, 0.0, 0.0, 0.0, 0.0, 0.0, 0.0, 0.0, 0.0, 0.0, 0.0, 2.0, 0.0, 0.0, 0.0, 0.0, 1.0, 0.0, 0.0, 1.0, 0.0, 0.0, 4.0, 0.0, 0.0, 0.0]",4.0,0.25,0.7905694150420949,0.0,1.8926759422104518,2.466666666666667,4.0,5,4,6,0,0,1292,74,-74,-1292,-1292,-1292,66,776,1292,83,1661777372.0,1661777374.0,1661777375.0,8.0,1661777372.0,1661777372.0,1661777375.0,8.0,7,2.642857142857143,14
B,100,2,11,0.02,0.11,64.0,10.0,101.27272727272727,39.20828045449516,[5.0],5.0,5.0,0.0,5.0,"[1.0, 2.0, 4.0, 8.0, 0.0, 0.0, 1.0, 1.0, 1.0, 2.0]",8.0,2.0,2.280350850198276,2.0,0.3399346342395189,0.13333333333333333,0.0,1,1,9,0,0,74,74,74,74,74,-74,66,153,153,153,1661777393.25,1661777394.5,1661777395.75,5.0,1661777382.0,1661777392.0,1661777393.5,20.0,1,1.0,2
B,100,17,17,0.17,0.17,591.0588235294117,518.6131359453658,512.2352941176471,523.7792001588372,"[0.0, 0.0, 0.0, 0.0, 0.0, 0.0, 0.0, 0.0, 0.0, 0.0, 0.0, 0.0, 0.0, 0.0, 0.0, 0.0]",0.0,0.0,0.0,0.0,"[0.0, 0.0, 0.0, 0.0, 0.0, 0.0, 0.0, 0.0, 0.0, 0.0, 0.0, 0.0, 0.0, 0.0, 0.0, 0.0]",0.0,0.0,0.0,0.0,1.8926759422104522,1.1333333333333333,0.0,5,4,6,0,0,1292,74,-74,-1292,-1292,-1292,66,796,1292,83,1661777391.0,1661777391.0,1661777391.0,0.0,1661777391.0,1661777391.0,1661777391.0,0.0,5,3.4,5
B,100,5,6,0.05,0.06,97.2,58.48213402399061,83.83333333333333,31.275212051861274,"[0.0, 0.0, 0.0, 0.0]",0.0,0.0,0.0,0.0,"[0.0, 0.0, 0.0, 0.0, 0.0]",0.0,0.0,0.0,0.0,1.0110500592068732,0.3333333333333333,0.0,4,4,6,0,0,74,-74,66,153,-66,-214,-66,78,66,66,1661777397.0,1661777397.0,1661777397.0,0.0,1661777397.0,1661777397.0,1661777397.0,0.0,3,1.6666666666666667,3
B,100,57,43,0.57,0.43,75.6140350877193,15.341440708626836,223.48837209302326,212.98229777875287,"[0.0, 0.0, 0.0, 2.0, 0.0, 0.0, 0.0, 0.0, 0.0, 0.0, 0.0, 2.0, 0.0, 0.0, 0.0, 4.0, 0.0, 0.0, 0.0, 1.0, 0.0, 0.0, 0.0, 21.0, 0.0, 0.0, 0.0, 2.0, 0.0, 0.0, 0.0, 0.0, 0.0, 0.0, 0.0, 2.0, 0.0, 0.0, 0.0, 0.0, 4.0, 0.0, 0.0, 0.0, 1.0, 0.0, 0.0, 0.0, 21.0, 0.0, 0.0, 0.0, 2.0, 0.0, 0.0, 0.0]",21.0,1.1071428571428572,3.935545757345894,0.0,"[0.0, 0.0, 2.0, 0.0, 0.0, 0.0, 0.0, 0.0, 2.0, 0.0, 0.0, 4.0, 0.0, 0.0, 1.0, 0.0, 0.0, 21.0, 0.0, 0.0, 2.0, 0.0, 0.0, 0.0, 0.0, 0.0, 2.0, 0.0, 0.0, 0.0, 4.0, 0.0, 0.0, 1.0, 0.0, 0.0, 21.0, 0.0, 0.0, 2.0, 0.0, 0.0]",21.0,1.4761904761904763,4.484035678238837,0.75,0.7483314773547883,3.8,4.0,4,6,4,5,5,512,-71,-108,-67,77,75,-67,516,-69,-108,1661777406.0,1661777434.0,1661777440.0,62.0,1661777406.0,1661777434.0,1661777440.0,62.0,3,2.0357142857142856,28
B,100,68,32,0.68,0.32,1408.4264705882354,294.48620841453135,213.46875,391.04842925581164,"[0.0, 0.0, 0.0, 0.0, 0.0, 0.0, 0.0, 0.0, 0.0, 0.0, 0.0, 0.0, 0.0, 0.0, 0.0, 0.0, 0.0, 0.0, 0.0, 0.0, 0.0, 0.0, 0.0, 0.0, 0.0, 0.0, 0.0, 0.0, 0.0, 0.0, 0.0, 0.0, 0.0, 0.0, 0.0, 0.0, 0.0, 0.0, 0.0, 0.0, 0.0, 0.0, 0.0, 0.0, 0.0, 0.0, 0.0, 0.0, 0.0, 0.0, 0.0, 0.0, 0.0, 0.0, 0.0, 0.0, 0.0, 0.0, 0.0, 0.0, 0.0, 0.0, 0.0, 0.0, 0.0, 0.0, 0.0]",0.0,0.0,0.0,0.0,"[0.0, 0.0, 0.0, 0.0, 0.0, 0.0, 0.0, 0.0, 0.0, 0.0, 0.0, 0.0, 0.0, 0.0, 0.0, 0.0, 0.0, 0.0, 0.0, 0.0, 0.0, 0.0, 0.0, 0.0, 0.0, 0.0, 0.0, 0.0, 0.0, 0.0, 0.0]",0.0,0.0,0.0,0.0,2.985892756874492,4.533333333333333,7.0,7,6,4,0,10,1307,1332,1172,1172,-66,-66,-66,-983,-1478,-1478,1661777404.0,1661777404.0,1661777404.0,0.0,1661777404.0,1661777404.0,1661777404.0,0.0,54,34.0,2
B,100,0,100,0.0,1.0,0.0,0.0,74.0,0.0,[],0.0,0.0,0.0,0.0,"[0.0, 0.0, 0.0, 0.0, 0.0, 0.0, 0.0, 0.0, 0.0, 0.0, 0.0, 0.0, 0.0, 0.0, 0.0, 0.0, 0.0, 0.0, 0.0, 0.0, 0.0, 0.0, 0.0, 0.0, 0.0, 0.0, 0.0, 0.0, 0.0, 0.0, 0.0, 0.0, 0.0, 0.0, 0.0, 0.0, 0.0, 0.0, 0.0, 0.0, 0.0, 0.0, 0.0, 0.0, 0.0, 0.0, 0.0, 0.0, 0.0, 0.0, 0.0, 0.0, 0.0, 0.0, 0.0, 0.0, 0.0, 0.0, 0.0, 0.0, 0.0, 0.0, 0.0, 0.0, 0.0, 0.0, 0.0, 0.0, 0.0, 0.0, 0.0, 0.0, 0.0, 0.0, 0.0, 0.0, 0.0, 0.0, 0.0, 0.0, 0.0, 0.0, 0.0, 0.0, 0.0, 0.0, 0.0, 0.0, 0.0, 0.0, 0.0, 0.0, 0.0, 0.0, 0.0, 0.0, 0.0, 3.0, 0.0]",3.0,0.030303030303030304,0.29998469504883835,0.0,0.0,0.0,0.0,0,0,10,0,10,74,74,74,74,74,74,74,74,74,74,0.0,0.0,0.0,0.0,1661777404.0,1661777404.0,1661777404.0,3.0,0,0.0,0
B,100,43,47,0.43,0.47,269.93023255813955,416.18692107277826,102.34042553191489,58.01147230477657,"[5.0, 0.0, 0.0, 26.0, 0.0, 0.0, 0.0, 0.0, 0.0, 15.0, 5.0, 0.0, 0.0, 51.0, 0.0, 0.0, 0.0, 0.0, 0.0, 0.0, 15.0, 5.0, 0.0, 0.0, 0.0, 74.0, 0.0, 0.0, 1.0, 0.0, 0.0, 15.0, 5.0, 0.0, 0.0, 70.0, 0.0, 0.0, 0.0, 0.0, 0.0, 0.0]",74.0,6.833333333333333,17.22942757618995,4.0,"[5.0, 0.0, 0.0, 26.0, 0.0, 0.0, 0.0, 0.0, 0.0, 0.0, 15.0, 5.0, 0.0, 0.0, 51.0, 0.0, 0.0, 0.0, 0.0, 0.0, 0.0, 0.0, 15.0, 5.0, 0.0, 0.0, 0.0, 74.0, 0.0, 0.0, 0.0, 0.0, 1.0, 0.0, 15.0, 5.0, 0.0, 0.0, 70.0, 0.0, 0.0, 0.0, 0.0, 0.0, 0.0, 0.0]",74.0,6.239130434782608,16.57549892043216,0.75,1.2578641509408806,2.8666666666666667,3.0,4,5,5,0,0,66,-66,66,97,-78,-66,-66,66,74,-74,1661777454.5,1661777523.0,1661777610.5,287.0,1661777454.5,1661777523.0,1661777610.5,287.0,4,1.72,25
B,100,23,23,0.23,0.23,96.43478260869566,1.952169071360317,100.43478260869566,1.952169071360317,"[18.0, 3.0, 22.0, 6.0, 15.0, 16.0, 6.0, 22.0, 3.0, 18.0, 13.0, 9.0, 21.0, 0.0, 21.0, 10.0, 11.0, 21.0, 0.0, 21.0, 9.0, 12.0]",22.0,12.590909090909092,7.259220412119716,20.25,"[18.0, 3.0, 22.0, 6.0, 15.0, 16.0, 6.0, 22.0, 3.0, 18.0, 13.0, 9.0, 21.0, 0.0, 21.0, 10.0, 11.0, 21.0, 0.0, 21.0, 9.0, 12.0]",22.0,12.590909090909092,7.259220412119716,20.25,1.7074997966487597,1.5333333333333334,0.0,4,5,5,0,0,102,-98,-94,98,102,-98,102,-98,-94,98,1661777479.0,1661777549.0,1661777615.5,277.0,1661777479.0,1661777549.0,1661777615.5,277.0,2,1.6428571428571428,14
B,100,24,24,0.24,0.24,106.0,11.195237082497776,142.5,190.7819435900578,"[1.0, 0.0, 9.0, 0.0, 7.0, 24.0, 6.0, 25.0, 5.0, 14.0, 17.0, 14.0, 16.0, 15.0, 15.0, 16.0, 15.0, 17.0, 13.0, 18.0, 13.0, 18.0, 12.0]",25.0,12.608695652173912,6.670761187481971,16.5,"[1.0, 0.0, 9.0, 1.0, 6.0, 24.0, 6.0, 25.0, 5.0, 14.0, 17.0, 14.0, 16.0, 15.0, 15.0, 16.0, 15.0, 17.0, 13.0, 18.0, 13.0, 18.0, 12.0]",25.0,12.608695652173912,6.6315394660652585,16.5,1.7435595774162698,1.6,0.0,4,5,5,0,0,-94,98,-90,106,-102,66,-122,1054,-118,66,1661777443.0,1661777523.0,1661777611.25,290.0,1661777443.0,1661777523.0,1661777611.25,290.0,2,1.6,15
B,100,27,27,0.27,0.27,69.03703703703704,6.784958754106362,141.59259259259258,80.45576620417387,"[0.0, 10.0, 0.0, 13.0, 0.0, 25.0, 0.0, 0.0, 25.0, 0.0, 25.0, 0.0, 25.0, 0.0, 25.0, 0.0, 26.0, 0.0, 25.0, 0.0, 25.0, 0.0, 25.0, 0.0, 25.0, 0.0]",26.0,10.538461538461538,11.900972065116132,25.0,"[0.0, 10.0, 0.0, 13.0, 0.0, 25.0, 0.0, 0.0, 25.0, 0.0, 25.0, 0.0, 25.0, 0.0, 25.0, 0.0, 25.0, 1.0, 25.0, 0.0, 25.0, 0.0, 25.0, 0.0, 25.0, 0.0]",25.0,10.538461538461538,11.81990097977126,25.0,1.7587874611030563,1.8,2.0,4,5,5,0,0,230,-62,-76,70,-66,66,66,-66,230,-62,1661777465.0,1661777540.0,1661777616.0,274.0,1661777465.0,1661777540.0,1661777616.0,274.0,2,1.8,15
B,100,27,27,0.27,0.27,68.96296296296296,7.06310959470235,142.11111111111111,81.04335069182433,"[0.0, 10.0, 0.0, 13.0, 0.0, 25.0, 0.0, 25.0, 0.0, 25.0, 0.0, 25.0, 0.0, 25.0, 0.0, 26.0, 0.0, 25.0, 0.0, 25.0, 0.0, 0.0, 25.0, 0.0, 25.0, 0.0]",26.0,10.538461538461538,11.900972065116132,25.0,"[0.0, 10.0, 0.0, 13.0, 0.0, 25.0, 0.0, 25.0, 0.0, 25.0, 0.0, 25.0, 0.0, 25.0, 0.0, 25.0, 1.0, 25.0, 0.0, 25.0, 0.0, 0.0, 25.0, 0.0, 25.0, 0.0]",25.0,10.538461538461538,11.819900979771262,25.0,1.7587874611030563,1.8,2.0,4,5,5,0,0,238,-62,-76,70,-66,66,66,-66,238,-62,1661777465.0,1661777540.0,1661777628.5,274.0,1661777465.0,1661777540.0,1661777628.5,274.0,2,1.8,15
B,100,46,46,0.46,0.46,675.7391304347826,636.9156122787864,238.0,179.66417948857904,"[0.0, 1.0, 0.0, 2.0, 0.0, 4.0, 0.0, 6.0, 0.0, 10.0, 0.0, 0.0, 0.0, 5.0, 0.0, 25.0, 0.0, 25.0, 0.0, 20.0, 0.0, 0.0, 0.0, 5.0, 0.0, 25.0, 0.0, 25.0, 0.0, 20.0, 0.0, 0.0, 0.0, 6.0, 0.0, 10.0, 1.0, 14.0, 0.0, 45.0, 0.0, 0.0, 0.0, 30.0, 0.0]",45.0,6.2,10.577964517492639,6.0,"[0.0, 1.0, 0.0, 2.0, 0.0, 4.0, 0.0, 5.0, 1.0, 10.0, 0.0, 0.0, 0.0, 5.0, 0.0, 25.0, 0.0, 25.0, 0.0, 20.0, 0.0, 0.0, 0.0, 5.0, 0.0, 25.0, 0.0, 25.0, 0.0, 20.0, 0.0, 0.0, 0.0, 5.0, 1.0, 11.0, 0.0, 14.0, 0.0, 45.0, 0.0, 0.0, 0.0, 30.0, 0.0]",45.0,6.2,10.577964517492639,5.0,1.339983416149452,3.066666666666667,4.0,4,5,5,1,1,424,-66,-1332,66,424,-66,-1360,66,424,-66,1661777440.0,1661777515.0,1661777594.5,279.0,1661777440.0,1661777515.0,1661777593.75,279.0,4,2.3,20
M,100,33,67,0.33,0.67,58.0,0.0,54.0,0.0,"[0.0, 0.0, 1.0, 0.0, 0.0, 0.0, 0.0, 0.0, 0.0, 0.0, 0.0, 1.0, 0.0, 0.0, 0.0, 0.0, 0.0, 0.0, 0.0, 0.0, 0.0, 1.0, 0.0, 0.0, 0.0, 0.0, 0.0, 0.0, 0.0, 0.0, 0.0, 1.0]",1.0,0.125,0.33071891388307384,0.0,"[0.0, 0.0, 0.0, 0.0, 1.0, 0.0, 0.0, 0.0, 0.0, 0.0, 0.0, 0.0, 0.0, 0.0, 0.0, 0.0, 0.0, 0.0, 0.0, 0.0, 0.0, 0.0, 0.0, 1.0, 0.0, 0.0, 0.0, 0.0, 0.0, 0.0, 0.0, 0.0, 0.0, 0.0, 0.0, 0.0, 0.0, 0.0, 0.0, 0.0, 0.0, 0.0, 0.0, 1.0, 0.0, 0.0, 0.0, 0.0, 0.0, 0.0, 0.0, 0.0, 0.0, 0.0, 0.0, 0.0, 0.0, 0.0, 0.0, 0.0, 0.0, 0.0, 0.0, 1.0, 0.0, 0.0]",1.0,0.06060606060606061,0.23860629921247914,0.0,0.7483314773547882,2.2,2.0,3,3,7,3,7,54,54,-58,-58,54,54,54,-58,54,54,1661777419.0,1661777420.0,1661777421.0,4.0,1661777419.0,1661777420.0,1661777421.0,4.0,2,1.03125,32
B,100,15,0,0.15,0.0,74.0,0.0,0.0,0.0,"[1.0, 2.0, 62.0, 1.0, 2.0, 62.0, 1.0, 2.0, 62.0, 1.0, 2.0, 62.0, 1.0, 2.0]",62.0,18.785714285714285,27.334380683434897,47.0,[],0.0,0.0,0.0,0.0,2.3664319132398464,1.0,0.0,7,10,0,0,0,-74,-74,-74,-74,-74,-74,-74,-74,-74,-74,1661777485.5,1661777551.0,1661777617.0,263.0,0.0,0.0,0.0,0.0,15,15.0,1
B,100,39,61,0.39,0.61,297.6666666666667,380.4205050779475,852.2786885245902,551.4107728050778,"[0.0, 0.0, 0.0, 0.0, 0.0, 0.0, 0.0, 0.0, 0.0, 0.0, 2.0, 0.0, 0.0, 0.0, 0.0, 0.0, 0.0, 0.0, 0.0, 0.0, 0.0, 0.0, 0.0, 0.0, 0.0, 0.0, 0.0, 0.0, 0.0, 0.0, 0.0, 0.0, 0.0, 0.0, 0.0, 0.0, 0.0, 0.0]",2.0,0.05263157894736842,0.3201453963314853,0.0,"[0.0, 0.0, 0.0, 0.0, 0.0, 0.0, 0.0, 0.0, 0.0, 0.0, 0.0, 2.0, 0.0, 0.0, 0.0, 0.0, 0.0, 0.0, 0.0, 0.0, 0.0, 0.0, 0.0, 0.0, 0.0, 0.0, 0.0, 0.0, 0.0, 0.0, 0.0, 0.0, 0.0, 0.0, 0.0, 0.0, 0.0, 0.0, 0.0, 0.0, 0.0, 0.0, 0.0, 0.0, 0.0, 0.0, 0.0, 0.0, 0.0, 0.0, 0.0, 0.0, 0.0, 0.0, 0.0, 0.0, 0.0, 0.0, 0.0, 28.0]",28.0,0.5,3.5893360574531514,0.0,2.3323807579381204,2.6,2.0,7,4,6,5,5,1292,120,-1292,-827,-135,-67,1292,115,75,743,1661777421.0,1661777423.0,1661777423.0,2.0,1661777423.0,1661777423.0,1661777423.0,30.0,10,3.5454545454545454,11
B,100,2,1,0.02,0.01,66.0,0.0,66.0,0.0,[44.0],44.0,44.0,0.0,44.0,[],0.0,0.0,0.0,0.0,0.4988876515698589,0.13333333333333333,0.0,2,2,1,0,0,-66,66,-66,0,0,0,0,0,0,0,1661777438.0,1661777449.0,1661777460.0,44.0,1661777427.0,1661777427.0,1661777427.0,0.0,1,1.0,2
B,100,2,2,0.02,0.02,66.0,0.0,66.0,0.0,[5.0],5.0,5.0,0.0,5.0,[5.0],5.0,5.0,0.0,5.0,0.4988876515698589,0.13333333333333333,0.0,2,2,2,0,0,-66,66,66,-66,0,0,0,0,0,0,1661777488.25,1661777489.5,1661777490.75,5.0,1661777488.25,1661777489.5,1661777490.75,5.0,1,1.0,2
B,100,7,7,0.07,0.07,738.1428571428571,559.5785221476782,80.28571428571429,15.799767500226846,"[0.0, 0.0, 0.0, 16.0, 0.0, 1.0]",16.0,2.8333333333333335,5.899623340142619,0.75,"[0.0, 0.0, 0.0, 17.0, 0.0, 0.0]",17.0,2.8333333333333335,6.335525936249404,0.0,1.203698005684519,0.4666666666666667,0.0,4,6,4,0,0,-751,-1478,78,66,-1478,104,78,-66,-362,-966,1661777507.0,1661777507.0,1661777523.0,17.0,1661777507.0,1661777507.0,1661777524.0,17.0,3,1.75,4
B,100,23,25,0.23,0.25,374.95652173913044,515.7770396512236,497.12,554.2511575089402,"[0.0, 0.0, 0.0, 0.0, 0.0, 0.0, 0.0, 0.0, 0.0, 0.0, 0.0, 0.0, 0.0, 0.0, 0.0, 0.0, 0.0, 0.0, 0.0, 0.0, 0.0, 10.0]",10.0,0.45454545454545453,2.0829889522526543,0.0,"[0.0, 0.0, 0.0, 0.0, 0.0, 0.0, 0.0, 0.0, 0.0, 0.0, 0.0, 0.0, 0.0, 0.0, 0.0, 0.0, 0.0, 0.0, 0.0, 0.0, 0.0, 0.0, 0.0, 10.0]",10.0,0.4166666666666667,1.9982631347136333,0.0,2.2171052197754517,1.5333333333333334,0.0,7,4,6,0,0,1292,74,-74,120,-1292,-828,-113,66,583,1292,1661777508.0,1661777508.0,1661777508.0,10.0,1661777508.0,1661777508.0,1661777508.0,10.0,13,4.6,5
B,100,2,2,0.02,0.02,150.0,0.0,89.0,0.0,[0.0],0.0,0.0,0.0,0.0,[0.0],0.0,0.0,0.0,0.0,0.4988876515698589,0.13333333333333333,0.0,2,2,2,0,0,89,-150,89,-150,0,0,0,0,0,0,1661777530.0,1661777530.0,1661777530.0,0.0,1661777530.0,1661777530.0,1661777530.0,0.0,1,1.0,2
B,100,1,1,0.01,0.01,90.0,0.0,90.0,0.0,[],0.0,0.0,0.0,0.0,[],0.0,0.0,0.0,0.0,0.24944382578492946,0.06666666666666667,0.0,1,1,1,0,0,90,-90,0,0,0,0,0,0,0,0,1661777534.0,1661777534.0,1661777534.0,0.0,1661777534.0,1661777534.0,1661777534.0,0.0,1,1.0,1
B,100,25,17,0.25,0.17,1032.48,477.6889464913334,164.05882352941177,286.15246256831347,"[0.0, 0.0, 0.0, 0.0, 0.0, 0.0, 0.0, 0.0, 0.0, 0.0, 0.0, 0.0, 0.0, 0.0, 0.0, 0.0, 0.0, 0.0, 0.0, 0.0, 0.0, 0.0, 0.0, 0.0]",0.0,0.0,0.0,0.0,"[0.0, 0.0, 0.0, 0.0, 0.0, 0.0, 0.0, 0.0, 0.0, 0.0, 0.0, 0.0, 0.0, 0.0, 0.0, 0.0]",0.0,0.0,0.0,0.0,2.599145158615723,1.6666666666666667,0.0,7,7,3,0,0,1292,120,279,-1292,-822,-113,-67,-67,-1288,-1292,1661777603.0,1661777603.0,1661777603.0,0.0,1661777603.0,1661777603.0,1661777603.0,0.0,23,12.5,2
B,100,11,12,0.11,0.12,418.90909090909093,464.0884426966783,628.0,556.8102609207796,"[0.0, 0.0, 0.0, 0.0, 0.0, 0.0, 0.0, 0.0, 0.0, 0.0]",0.0,0.0,0.0,0.0,"[0.0, 0.0, 0.0, 0.0, 0.0, 0.0, 0.0, 0.0, 0.0, 0.0, 0.0]",0.0,0.0,0.0,0.0,1.5260697523012796,0.7333333333333333,0.0,5,4,6,0,0,1292,122,-1292,-824,-138,-67,1292,115,75,744,1661777693.0,1661777693.0,1661777693.0,0.0,1661777693.0,1661777693.0,1661777693.0,0.0,6,3.6666666666666665,3
B,100,0,2,0.0,0.02,0.0,0.0,74.0,0.0,[],0.0,0.0,0.0,0.0,[1.0],1.0,1.0,0.0,1.0,0.0,0.0,0.0,0,0,2,0,0,74,74,0,0,0,0,0,0,0,0,0.0,0.0,0.0,0.0,1661777697.25,1661777697.5,1661777697.75,1.0,0,0.0,0
M,100,33,67,0.33,0.67,58.0,0.0,54.0,0.0,"[0.0, 0.0, 0.0, 0.0, 0.0, 0.0, 0.0, 0.0, 0.0, 1.0, 0.0, 0.0, 0.0, 0.0, 0.0, 0.0, 0.0, 0.0, 0.0, 1.0, 0.0, 0.0, 0.0, 0.0, 0.0, 0.0, 0.0, 0.0, 0.0, 1.0, 0.0, 0.0]",1.0,0.09375,0.2914805954090255,0.0,"[0.0, 0.0, 0.0, 0.0, 0.0, 0.0, 0.0, 0.0, 0.0, 0.0, 0.0, 0.0, 0.0, 0.0, 0.0, 0.0, 0.0, 0.0, 0.0, 1.0, 0.0, 0.0, 0.0, 0.0, 0.0, 0.0, 0.0, 0.0, 0.0, 0.0, 0.0, 0.0, 0.0, 0.0, 0.0, 0.0, 0.0, 0.0, 0.0, 1.0, 0.0, 0.0, 0.0, 0.0, 0.0, 0.0, 0.0, 0.0, 0.0, 0.0, 0.0, 0.0, 0.0, 0.0, 0.0, 0.0, 0.0, 0.0, 0.0, 1.0, 0.0, 0.0, 0.0, 0.0, 0.0, 0.0]",1.0,0.045454545454545456,0.20829889522526548,0.0,0.7483314773547882,2.2,2.0,3,3,7,3,7,54,-58,54,54,-58,54,54,-58,54,54,1661777700.0,1661777701.0,1661777702.0,3.0,1661777700.0,1661777701.0,1661777702.0,3.0,1,1.0,33
B,100,5,9,0.05,0.09,97.2,58.48213402399061,80.55555555555556,25.953424570055883,"[0.0, 0.0, 0.0, 0.0]",0.0,0.0,0.0,0.0,"[4.0, 8.0, 5.0, 0.0, 0.0, 0.0, 0.0, 0.0]",8.0,2.125,2.9341736485763756,4.25,1.0110500592068732,0.3333333333333333,0.0,4,4,6,0,0,74,74,74,74,-74,66,153,-66,-214,-66,1661777717.0,1661777717.0,1661777717.0,0.0,1661777712.0,1661777717.0,1661777717.0,17.0,3,1.6666666666666667,3
B,100,92,8,0.92,0.08,1269.6304347826087,464.700785391298,657.125,590.5083482686761,"[0.0, 0.0, 0.0, 0.0, 0.0, 0.0, 0.0, 0.0, 0.0, 0.0, 0.0, 0.0, 0.0, 0.0, 0.0, 0.0, 0.0, 0.0, 0.0, 0.0, 0.0, 0.0, 0.0, 0.0, 0.0, 0.0, 0.0, 0.0, 0.0, 0.0, 0.0, 0.0, 0.0, 0.0, 0.0, 0.0, 0.0, 0.0, 0.0, 0.0, 0.0, 0.0, 0.0, 0.0, 0.0, 0.0, 0.0, 0.0, 0.0, 0.0, 0.0, 0.0, 0.0, 0.0, 0.0, 0.0, 0.0, 5.0, 0.0, 0.0, 0.0, 0.0, 0.0, 0.0, 0.0, 0.0, 0.0, 0.0, 0.0, 0.0, 0.0, 0.0, 0.0, 0.0, 0.0, 0.0, 0.0, 0.0, 0.0, 0.0, 0.0, 0.0, 0.0, 0.0, 0.0, 0.0, 0.0, 0.0, 0.0, 0.0, 0.0]",5.0,0.054945054945054944,0.5212545593684141,0.0,"[0.0, 0.0, 0.0, 0.0, 0.0, 0.0, 0.0]",0.0,0.0,0.0,0.0,1.8926759422104518,6.133333333333334,7.0,7,10,0,10,0,-983,-88,-132,-1478,-983,-183,-1478,-1478,-1478,-1478,1661777702.0,1661777702.0,1661777707.0,5.0,1661777702.0,1661777702.0,1661777702.0,0.0,54,46.0,2
B,100,0,100,0.0,1.0,0.0,0.0,73.91,0.8954886933959578,[],0.0,0.0,0.0,0.0,"[0.0, 0.0, 0.0, 0.0, 0.0, 0.0, 0.0, 0.0, 0.0, 0.0, 0.0, 0.0, 0.0, 0.0, 0.0, 0.0, 0.0, 0.0, 0.0, 0.0, 0.0, 0.0, 0.0, 0.0, 0.0, 0.0, 0.0, 0.0, 0.0, 0.0, 0.0, 0.0, 0.0, 0.0, 0.0, 0.0, 0.0, 0.0, 0.0, 0.0, 0.0, 0.0, 0.0, 0.0, 0.0, 0.0, 5.0, 0.0, 0.0, 0.0, 0.0, 0.0, 0.0, 0.0, 0.0, 0.0, 0.0, 0.0, 0.0, 0.0, 0.0, 0.0, 0.0, 0.0, 0.0, 0.0, 0.0, 0.0, 0.0, 0.0, 0.0, 0.0, 0.0, 0.0, 0.0, 0.0, 0.0, 0.0, 0.0, 0.0, 5.0, 0.0, 0.0, 0.0, 0.0, 0.0, 0.0, 0.0, 0.0, 0.0, 0.0, 0.0, 0.0, 0.0, 0.0, 0.0, 0.0, 0.0, 0.0]",5.0,0.10101010101010101,0.7034539533931373,0.0,0.0,0.0,0.0,0,0,10,0,10,74,74,74,74,74,74,74,74,74,74,0.0,0.0,0.0,0.0,1661777702.0,1661777707.0,1661777707.0,10.0,0,0.0,0
B,100,57,43,0.57,0.43,78.47368421052632,17.724109126309553,224.93023255813952,212.05082709586145,"[0.0, 0.0, 0.0, 2.0, 0.0, 0.0, 0.0, 0.0, 0.0, 0.0, 0.0, 0.0, 2.0, 0.0, 0.0, 0.0, 4.0, 0.0, 0.0, 0.0, 14.0, 0.0, 0.0, 0.0, 8.0, 0.0, 0.0, 0.0, 2.0, 0.0, 0.0, 0.0, 0.0, 0.0, 0.0, 0.0, 2.0, 0.0, 0.0, 0.0, 4.0, 0.0, 0.0, 1.0, 13.0, 0.0, 0.0, 0.0, 8.0, 0.0, 0.0, 1.0, 1.0, 0.0, 0.0, 0.0]",14.0,1.1071428571428572,2.913506548501868,0.0,"[0.0, 0.0, 2.0, 0.0, 0.0, 0.0, 0.0, 0.0, 0.0, 2.0, 0.0, 0.0, 4.0, 0.0, 0.0, 14.0, 0.0, 0.0, 8.0, 0.0, 0.0, 2.0, 0.0, 0.0, 0.0, 0.0, 0.0, 2.0, 0.0, 0.0, 4.0, 1.0, 0.0, 13.0, 0.0, 0.0, 8.0, 0.0, 0.0, 2.0, 0.0, 0.0]",14.0,1.4761904761904763,3.2895078169848655,1.75,0.7483314773547883,3.8,4.0,4,6,4,5,5,514,-73,-109,-67,81,75,-67,518,-73,-109,1661777706.0,1661777732.0,1661777740.0,62.0,1661777706.0,1661777732.0,1661777740.5,62.0,4,2.111111111111111,27
B,100,24,24,0.24,0.24,96.33333333333333,1.9720265943665387,100.33333333333333,1.9720265943665387,"[3.0, 21.0, 7.0, 14.0, 18.0, 4.0, 22.0, 5.0, 16.0, 15.0, 7.0, 21.0, 3.0, 19.0, 11.0, 10.0, 21.0, 0.0, 22.0, 9.0, 12.0, 19.0, 3.0]",22.0,12.26086956521739,7.127517961207435,19.0,"[3.0, 21.0, 7.0, 14.0, 18.0, 4.0, 22.0, 5.0, 16.0, 15.0, 7.0, 21.0, 3.0, 19.0, 11.0, 10.0, 21.0, 0.0, 22.0, 9.0, 12.0, 19.0, 3.0]",22.0,12.26086956521739,7.127517961207435,19.0,1.7435595774162698,1.6,0.0,4,5,5,0,0,-94,98,102,-98,102,-98,-94,98,102,-98,1661777769.0,1661777845.5,1661777920.0,282.0,1661777769.0,1661777845.5,1661777920.0,282.0,2,1.6,15
B,100,23,25,0.23,0.25,269.7826086956522,403.64340229871425,106.52,61.43427056619131,"[5.0, 0.0, 0.0, 58.0, 0.0, 0.0, 0.0, 0.0, 0.0, 12.0, 0.0, 15.0, 5.0, 0.0, 0.0, 194.0, 0.0, 0.0, 0.0, 0.0, 0.0, 0.0]",194.0,13.136363636363637,41.353570203732616,3.75,"[5.0, 0.0, 0.0, 58.0, 0.0, 0.0, 0.0, 0.0, 0.0, 0.0, 12.0, 0.0, 15.0, 5.0, 0.0, 0.0, 194.0, 0.0, 0.0, 0.0, 0.0, 0.0, 0.0, 0.0]",194.0,12.041666666666666,39.75914901699426,1.25,1.7074997966487595,1.5333333333333334,0.0,4,5,5,0,0,66,-66,66,97,-78,-66,-66,66,74,-74,1661777771.0,1661777783.0,1661777997.0,289.0,1661777771.0,1661777783.0,1661777997.0,289.0,4,1.7692307692307692,13
B,100,24,24,0.24,0.24,68.91666666666667,7.302491964315257,150.375,80.39424341953844,"[0.0, 25.0, 0.0, 25.0, 0.0, 25.0, 0.0, 26.0, 0.0, 25.0, 0.0, 25.0, 0.0, 25.0, 0.0, 25.0, 0.0, 25.0, 0.0, 25.0, 0.0, 25.0, 0.0]",26.0,12.0,12.535167920000461,25.0,"[0.0, 25.0, 0.0, 25.0, 0.0, 25.0, 0.0, 26.0, 0.0, 25.0, 0.0, 25.0, 0.0, 25.0, 0.0, 25.0, 0.0, 25.0, 0.0, 25.0, 0.0, 25.0, 0.0]",26.0,12.0,12.535167920000461,25.0,1.7435595774162698,1.6,0.0,4,5,5,0,0,239,-62,-76,70,230,-62,-76,70,230,-62,1661777784.75,1661777854.5,1661777923.25,276.0,1661777784.75,1661777854.5,1661777923.25,276.0,2,2.0,12
B,100,24,24,0.24,0.24,69.0,7.0,149.875,79.87558685230425,"[0.0, 25.0, 0.0, 25.0, 0.0, 25.0, 0.0, 26.0, 0.0, 25.0, 0.0, 25.0, 0.0, 25.0, 0.0, 25.0, 0.0, 25.0, 0.0, 25.0, 0.0, 25.0, 0.0]",26.0,12.0,12.535167920000461,25.0,"[0.0, 25.0, 0.0, 25.0, 0.0, 25.0, 0.0, 26.0, 0.0, 25.0, 0.0, 25.0, 0.0, 25.0, 0.0, 25.0, 0.0, 25.0, 0.0, 25.0, 0.0, 25.0, 0.0]",26.0,12.0,12.535167920000461,25.0,1.7435595774162698,1.6,0.0,4,5,5,0,0,230,-62,-76,70,230,-62,-76,70,229,-62,1661777784.75,1661777854.5,1661777923.25,276.0,1661777784.75,1661777854.5,1661777923.25,276.0,2,2.0,12
B,100,5,5,0.05,0.05,173.2,59.683833657029766,81.2,6.368673331236263,"[0.0, 2.0, 111.0, 0.0]",111.0,28.25,47.78271130858943,29.25,"[0.0, 2.0, 111.0, 0.0]",111.0,28.25,47.78271130858943,29.25,0.869226987360353,0.3333333333333333,0.0,3,5,5,0,0,76,76,-292,-137,76,-137,89,-150,89,-150,1661777717.0,1661777719.0,1661777830.0,113.0,1661777717.0,1661777719.0,1661777830.0,113.0,2,1.25,4
B,100,20,20,0.2,0.2,104.8,10.888526071052958,104.2,15.721323099535862,"[11.0, 21.0, 10.0, 20.0, 10.0, 21.0, 9.0, 23.0, 7.0, 24.0, 7.0, 24.0, 6.0, 17.0, 0.0, 14.0, 17.0, 13.0, 18.0]",24.0,14.31578947368421,6.774974317907799,20.5,"[11.0, 21.0, 10.0, 20.0, 10.0, 21.0, 9.0, 23.0, 7.0, 24.0, 7.0, 24.0, 6.0, 17.0, 0.0, 14.0, 17.0, 13.0, 18.0]",24.0,14.31578947368421,6.774974317907799,20.5,1.6996731711975952,1.3333333333333333,0.0,4,5,5,0,0,-94,98,118,-114,-94,98,118,-114,-126,66,1661777786.5,1661777861.0,1661777927.0,272.0,1661777786.5,1661777861.0,1661777927.0,272.0,2,1.8181818181818181,11
B,100,48,52,0.48,0.52,389.5833333333333,455.0031059112552,638.25,561.4218171132729,"[0.0, 0.0, 0.0, 0.0, 0.0, 0.0, 0.0, 0.0, 0.0, 0.0, 0.0, 23.0, 0.0, 0.0, 0.0, 0.0, 7.0, 0.0, 0.0, 0.0, 0.0, 1.0, 30.0, 0.0, 0.0, 0.0, 0.0, 0.0, 0.0, 0.0, 0.0, 0.0, 0.0, 30.0, 0.0, 0.0, 0.0, 0.0, 0.0, 0.0, 0.0, 0.0, 0.0, 0.0, 0.0, 30.0, 0.0]",30.0,2.574468085106383,7.94594686148713,0.0,"[0.0, 0.0, 0.0, 0.0, 0.0, 0.0, 0.0, 0.0, 0.0, 0.0, 0.0, 22.0, 0.0, 0.0, 0.0, 1.0, 0.0, 7.0, 0.0, 0.0, 0.0, 0.0, 0.0, 0.0, 0.0, 31.0, 0.0, 0.0, 0.0, 0.0, 0.0, 0.0, 0.0, 0.0, 0.0, 0.0, 0.0, 30.0, 0.0, 0.0, 0.0, 0.0, 0.0, 0.0, 0.0, 0.0, 0.0, 0.0, 0.0, 30.0, 0.0]",31.0,2.372549019607843,7.679769155828369,0.0,1.7587874611030558,3.2,3.0,6,4,6,5,5,1292,122,-1292,-831,-131,-67,1292,115,75,744,1661777740.25,1661777784.0,1661777814.0,121.0,1661777745.0,1661777768.5,1661777814.0,121.0,7,3.2,15
B,100,42,49,0.42,0.49,551.452380952381,554.0730226234562,348.734693877551,458.2482517423348,"[0.0, 0.0, 0.0, 30.0, 0.0, 0.0, 45.0, 0.0, 0.0, 0.0, 1.0, 0.0, 30.0, 0.0, 0.0, 0.0, 0.0, 45.0, 0.0, 0.0, 0.0, 0.0, 0.0, 0.0, 30.0, 0.0, 0.0, 0.0, 0.0, 45.0, 0.0, 0.0, 0.0, 0.0, 0.0, 0.0, 14.0, 16.0, 0.0, 0.0, 0.0]",45.0,6.2439024390243905,13.641365513160792,0.0,"[0.0, 0.0, 0.0, 30.0, 0.0, 0.0, 0.0, 45.0, 0.0, 0.0, 1.0, 0.0, 0.0, 0.0, 0.0, 30.0, 0.0, 0.0, 0.0, 0.0, 45.0, 0.0, 0.0, 0.0, 0.0, 0.0, 0.0, 0.0, 30.0, 0.0, 0.0, 0.0, 0.0, 0.0, 45.0, 0.0, 0.0, 0.0, 0.0, 0.0, 0.0, 0.0, 14.0, 16.0, 0.0, 0.0, 0.0, 0.0]",45.0,5.333333333333333,12.798654443165326,0.0,1.7204650534085253,2.8,3.0,6,4,6,1,0,424,433,-66,-66,-1332,-1332,66,66,424,1292,1661777816.25,1661777892.0,1661777967.0,256.0,1661777817.0,1661777892.0,1661777967.0,256.0,6,3.0,14
B,100,6,0,0.06,0.0,74.0,0.0,0.0,0.0,"[1.0, 2.0, 57.0, 1.0, 2.0]",57.0,12.6,22.204504047602594,2.0,[],0.0,0.0,0.0,0.0,1.4966629547095758,0.4,0.0,6,6,0,0,0,-74,-74,-74,-74,-74,-74,0,0,0,0,1661777746.5,1661777776.5,1661777805.75,63.0,0.0,0.0,0.0,0.0,6,6.0,1
B,100,6,0,0.06,0.0,74.0,0.0,0.0,0.0,"[1.0, 2.0, 62.0, 1.0, 2.0]",62.0,13.6,24.20413187866898,2.0,[],0.0,0.0,0.0,0.0,1.4966629547095758,0.4,0.0,6,6,0,0,0,-74,-74,-74,-74,-74,-74,0,0,0,0,1661777871.5,1661777904.0,1661777935.75,68.0,0.0,0.0,0.0,0.0,6,6.0,1
B,100,2,0,0.02,0.0,60.0,0.0,0.0,0.0,[0.0],0.0,0.0,0.0,0.0,[],0.0,0.0,0.0,0.0,0.4988876515698589,0.13333333333333333,0.0,2,2,0,0,0,-60,-60,0,0,0,0,0,0,0,0,1661777982.0,1661777982.0,1661777982.0,0.0,0.0,0.0,0.0,0.0,2,2.0,1
B,100,15,0,0.15,0.0,74.0,0.0,0.0,0.0,"[1.0, 2.0, 62.0, 1.0, 2.0, 62.0, 1.0, 2.0, 62.0, 1.0, 2.0, 62.0, 1.0, 2.0]",62.0,18.785714285714285,27.334380683434897,47.0,[],0.0,0.0,0.0,0.0,2.3664319132398464,1.0,0.0,7,10,0,0,0,-74,-74,-74,-74,-74,-74,-74,-74,-74,-74,1661778065.5,1661778131.0,1661778197.0,263.0,0.0,0.0,0.0,0.0,15,15.0,1
B,100,27,27,0.27,0.27,106.74074074074075,11.419906572208452,170.88888888888889,250.45696508187726,"[19.0, 2.0, 0.0, 10.0, 1.0, 0.0, 26.0, 3.0, 28.0, 2.0, 29.0, 2.0, 12.0, 0.0, 10.0, 0.0, 8.0, 22.0, 8.0, 24.0, 7.0, 24.0, 6.0, 25.0, 6.0, 24.0]",29.0,11.461538461538462,10.18758961916511,23.5,"[19.0, 2.0, 0.0, 10.0, 1.0, 0.0, 26.0, 3.0, 28.0, 2.0, 29.0, 2.0, 12.0, 0.0, 10.0, 0.0, 8.0, 22.0, 8.0, 24.0, 7.0, 24.0, 6.0, 25.0, 6.0, 24.0]",29.0,11.461538461538462,10.18758961916511,23.5,1.7587874611030563,1.8,2.0,4,5,5,0,0,118,-114,-94,98,-122,1054,-118,66,118,-114,1661778046.0,1661778135.0,1661778195.0,298.0,1661778046.0,1661778135.0,1661778195.0,298.0,2,1.588235294117647,17
B,100,94,6,0.94,0.06,1220.7446808510638,258.8979892828166,669.6666666666666,448.1382475184292,"[0.0, 0.0, 0.0, 0.0, 0.0, 0.0, 0.0, 0.0, 0.0, 0.0, 0.0, 0.0, 0.0, 0.0, 0.0, 0.0, 0.0, 0.0, 0.0, 0.0, 0.0, 0.0, 0.0, 0.0, 0.0, 0.0, 0.0, 0.0, 0.0, 0.0, 0.0, 0.0, 0.0, 0.0, 0.0, 0.0, 0.0, 0.0, 0.0, 0.0, 0.0, 0.0, 0.0, 0.0, 0.0, 0.0, 0.0, 0.0, 5.0, 0.0, 0.0, 0.0, 0.0, 0.0, 0.0, 0.0, 0.0, 0.0, 0.0, 0.0, 0.0, 0.0, 0.0, 0.0, 0.0, 0.0, 0.0, 0.0, 0.0, 0.0, 0.0, 0.0, 0.0, 0.0, 0.0, 0.0, 0.0, 0.0, 0.0, 0.0, 0.0, 0.0, 0.0, 0.0, 0.0, 0.0, 0.0, 0.0, 0.0, 0.0, 0.0, 0.0, 0.0]",5.0,0.053763440860215055,0.5156808089583571,0.0,"[0.0, 0.0, 0.0, 0.0, 0.0]",0.0,0.0,0.0,0.0,1.6918103387266026,6.266666666666667,7.0,7,10,0,10,0,-316,-120,-1292,-1292,-1292,-1292,-1292,-1292,-1292,-1292,1661778002.0,1661778002.0,1661778007.0,5.0,1661778002.0,1661778002.0,1661778002.0,0.0,48,47.0,2
B,100,57,43,0.57,0.43,80.12280701754386,19.651409641361163,236.7906976744186,216.9914324896996,"[0.0, 0.0, 0.0, 2.0, 0.0, 0.0, 0.0, 0.0, 0.0, 0.0, 2.0, 0.0, 0.0, 0.0, 4.0, 0.0, 0.0, 1.0, 13.0, 0.0, 0.0, 0.0, 8.0, 0.0, 0.0, 0.0, 2.0, 0.0, 0.0, 0.0, 0.0, 0.0, 0.0, 2.0, 0.0, 0.0, 0.0, 4.0, 0.0, 0.0, 0.0, 14.0, 0.0, 0.0, 0.0, 8.0, 0.0, 0.0, 1.0, 1.0, 0.0, 0.0, 0.0, 0.0, 0.0, 0.0]",14.0,1.1071428571428572,2.9135065485018674,0.0,"[0.0, 0.0, 2.0, 0.0, 0.0, 0.0, 0.0, 2.0, 0.0, 0.0, 4.0, 0.0, 0.0, 14.0, 0.0, 0.0, 8.0, 0.0, 0.0, 2.0, 0.0, 0.0, 0.0, 0.0, 2.0, 0.0, 0.0, 4.0, 0.0, 0.0, 14.0, 0.0, 0.0, 0.0, 8.0, 0.0, 1.0, 1.0, 0.0, 0.0, 0.0, 0.0]",14.0,1.4761904761904763,3.375246694603686,1.0,1.3759844960366863,3.8,4.0,6,5,5,7,3,521,-73,-117,-67,81,75,-67,522,526,-73,1661778006.0,1661778034.0,1661778054.0,62.0,1661778008.0,1661778034.0,1661778054.0,62.0,7,2.4782608695652173,23
B,100,24,24,0.24,0.24,96.33333333333333,1.9720265943665387,100.33333333333333,1.9720265943665387,"[8.0, 13.0, 18.0, 4.0, 21.0, 6.0, 15.0, 15.0, 7.0, 22.0, 2.0, 19.0, 12.0, 9.0, 21.0, 0.0, 22.0, 9.0, 12.0, 20.0, 1.0, 21.0, 9.0]",22.0,12.434782608695652,7.039182801856932,19.5,"[8.0, 13.0, 18.0, 4.0, 21.0, 6.0, 15.0, 15.0, 7.0, 22.0, 2.0, 19.0, 12.0, 9.0, 21.0, 0.0, 22.0, 9.0, 12.0, 20.0, 1.0, 21.0, 9.0]",22.0,12.434782608695652,7.039182801856932,19.5,1.7435595774162698,1.6,0.0,4,5,5,0,0,102,-98,-94,98,102,-98,-94,98,102,-98,1661778074.5,1661778146.5,1661778222.25,286.0,1661778074.5,1661778146.5,1661778222.25,286.0,2,1.7142857142857142,14
B,100,45,52,0.45,0.52,522.3333333333334,531.2477555508144,299.0192307692308,429.3695956052053,"[31.0, 0.0, 0.0, 0.0, 0.0, 0.0, 1.0, 30.0, 0.0, 0.0, 0.0, 45.0, 0.0, 0.0, 0.0, 0.0, 0.0, 0.0, 30.0, 0.0, 0.0, 0.0, 0.0, 45.0, 0.0, 0.0, 0.0, 0.0, 30.0, 0.0, 0.0, 0.0, 46.0, 0.0, 0.0, 0.0, 0.0, 0.0, 0.0, 30.0, 0.0, 0.0, 0.0, 0.0]",46.0,6.545454545454546,14.17657245640039,0.0,"[31.0, 0.0, 0.0, 1.0, 0.0, 0.0, 0.0, 0.0, 30.0, 0.0, 0.0, 0.0, 0.0, 45.0, 0.0, 0.0, 0.0, 0.0, 0.0, 0.0, 0.0, 30.0, 0.0, 0.0, 0.0, 0.0, 45.0, 0.0, 0.0, 0.0, 0.0, 0.0, 0.0, 30.0, 0.0, 0.0, 0.0, 0.0, 45.0, 0.0, 0.0, 1.0, 0.0, 0.0, 0.0, 0.0, 30.0, 0.0, 0.0, 0.0, 0.0]",45.0,5.647058823529412,13.292816177835162,0.0,1.3165611772087666,3.0,3.0,6,6,4,4,3,-66,66,1292,278,162,-1292,-62,-1066,-60,-787,1661778073.0,1661778148.0,1661778269.0,288.0,1661778073.0,1661778148.0,1661778234.25,288.0,6,2.6470588235294117,17
B,100,44,49,0.44,0.49,263.27272727272725,411.07239815989305,101.48979591836735,57.05068367795093,"[5.0, 0.0, 0.0, 8.0, 0.0, 0.0, 0.0, 0.0, 0.0, 15.0, 5.0, 0.0, 0.0, 24.0, 0.0, 0.0, 0.0, 0.0, 0.0, 0.0, 15.0, 5.0, 0.0, 0.0, 0.0, 0.0, 139.0, 0.0, 0.0, 0.0, 1.0, 0.0, 15.0, 5.0, 0.0, 0.0, 50.0, 0.0, 0.0, 0.0, 0.0, 0.0, 0.0]",139.0,6.674418604651163,22.26763312808741,3.0,"[5.0, 0.0, 0.0, 8.0, 0.0, 0.0, 0.0, 0.0, 0.0, 0.0, 15.0, 5.0, 0.0, 1.0, 23.0, 0.0, 0.0, 0.0, 0.0, 0.0, 0.0, 0.0, 0.0, 15.0, 5.0, 0.0, 0.0, 0.0, 0.0, 139.0, 0.0, 0.0, 0.0, 0.0, 1.0, 0.0, 15.0, 5.0, 0.0, 0.0, 50.0, 0.0, 0.0, 0.0, 0.0, 0.0, 0.0, 0.0]",139.0,5.979166666666667,21.151723317629596,1.0,1.18133634311129,2.933333333333333,3.0,5,5,5,1,2,66,-66,66,97,-78,-66,-66,66,74,-74,1661778043.75,1661778086.5,1661778232.75,287.0,1661778045.0,1661778084.0,1661778229.0,287.0,4,1.6923076923076923,26
B,100,24,24,0.24,0.24,69.0,7.0,151.0,81.03702857336269,"[0.0, 26.0, 0.0, 25.0, 0.0, 25.0, 0.0, 25.0, 0.0, 25.0, 0.0, 25.0, 0.0, 25.0, 0.0, 25.0, 0.0, 25.0, 0.0, 26.0, 0.0, 25.0, 0.0]",26.0,12.043478260869565,12.581830449776323,25.0,"[0.0, 26.0, 0.0, 25.0, 0.0, 25.0, 0.0, 25.0, 0.0, 25.0, 0.0, 25.0, 0.0, 25.0, 0.0, 25.0, 0.0, 25.0, 0.0, 26.0, 0.0, 25.0, 0.0]",26.0,12.043478260869565,12.581830449776323,25.0,1.7435595774162698,1.6,0.0,4,5,5,0,0,230,-62,-76,70,238,-62,-76,70,238,-62,1661778086.75,1661778155.5,1661778224.25,277.0,1661778086.75,1661778155.5,1661778224.25,277.0,2,2.0,12
B,100,25,25,0.25,0.25,69.28,6.9943977582062065,146.64,79.53207151835038,"[0.0, 26.0, 0.0, 25.0, 0.0, 25.0, 0.0, 25.0, 0.0, 25.0, 0.0, 25.0, 0.0, 25.0, 0.0, 25.0, 0.0, 25.0, 0.0, 26.0, 0.0, 0.0, 25.0, 0.0]",26.0,11.541666666666666,12.549831229498222,25.0,"[0.0, 26.0, 0.0, 25.0, 0.0, 25.0, 0.0, 25.0, 0.0, 25.0, 0.0, 25.0, 0.0, 25.0, 0.0, 25.0, 0.0, 25.0, 0.0, 26.0, 0.0, 0.0, 25.0, 0.0]",26.0,11.541666666666666,12.549831229498222,25.0,1.8135294011647258,1.6666666666666667,0.0,4,5,5,0,0,229,-62,-76,70,229,-62,-76,70,229,-62,1661778093.0,1661778168.0,1661778243.0,277.0,1661778093.0,1661778168.0,1661778243.0,277.0,2,1.9230769230769231,13
B,100,3,3,0.03,0.03,207.0,80.61017305526642,89.0,0.0,"[113.0, 0.0]",113.0,56.5,56.5,84.75,"[113.0, 0.0]",113.0,56.5,56.5,84.75,0.7483314773547879,0.2,0.0,3,3,3,0,0,89,-321,89,-150,89,-150,0,0,0,0,1661778078.5,1661778135.0,1661778135.0,113.0,1661778078.5,1661778135.0,1661778135.0,113.0,1,1.0,3
B,100,5,7,0.05,0.07,97.2,58.48213402399061,93.71428571428571,37.73862850757368,"[1.0, 0.0, 0.0, 0.0]",1.0,0.25,0.4330127018922193,0.25,"[0.0, 0.0, 1.0, 0.0, 0.0, 0.0]",1.0,0.16666666666666666,0.372677996249965,0.0,0.869226987360353,0.3333333333333333,0.0,3,4,6,0,0,74,-74,66,153,153,-66,-214,-66,78,66,1661778023.0,1661778023.0,1661778023.0,1.0,1661778022.0,1661778023.0,1661778023.0,1.0,3,1.6666666666666667,3
B,100,50,50,0.5,0.5,413.5,468.7980908664198,653.54,561.8459294148174,"[0.0, 0.0, 0.0, 1.0, 0.0, 0.0, 0.0, 0.0, 0.0, 0.0, 30.0, 0.0, 0.0, 0.0, 0.0, 0.0, 0.0, 0.0, 0.0, 0.0, 0.0, 0.0, 30.0, 0.0, 0.0, 0.0, 0.0, 0.0, 0.0, 0.0, 0.0, 0.0, 0.0, 30.0, 0.0, 0.0, 0.0, 0.0, 0.0, 0.0, 0.0, 0.0, 0.0, 0.0, 0.0, 30.0, 0.0, 0.0, 0.0]",30.0,2.4693877551020407,8.209258190197177,0.0,"[0.0, 1.0, 0.0, 0.0, 0.0, 0.0, 0.0, 0.0, 0.0, 0.0, 0.0, 30.0, 0.0, 0.0, 0.0, 0.0, 0.0, 0.0, 0.0, 0.0, 0.0, 0.0, 30.0, 0.0, 0.0, 0.0, 0.0, 0.0, 0.0, 0.0, 0.0, 0.0, 0.0, 0.0, 30.0, 0.0, 0.0, 0.0, 0.0, 0.0, 0.0, 0.0, 0.0, 0.0, 0.0, 30.0, 0.0, 0.0, 0.0]",30.0,2.4693877551020407,8.209258190197177,0.0,1.7384539747207062,3.3333333333333335,4.0,7,4,6,5,5,1292,119,-1292,-829,-133,-67,1292,115,75,744,1661778056.0,1661778086.0,1661778116.0,121.0,1661778056.0,1661778086.0,1661778116.0,121.0,7,3.5714285714285716,14
B,100,5,9,0.05,0.09,60.0,0.0,68.44444444444444,4.969039949999532,"[60.0, 60.0, 60.0, 60.0]",60.0,60.0,0.0,60.0,"[30.0, 0.0, 30.0, 60.0, 60.0, 60.0, 20.0, 0.0]",60.0,32.5,23.84848003542364,60.0,0.869226987360353,0.3333333333333333,0.0,3,4,6,0,0,64,-60,74,74,64,-60,64,-60,64,-60,1661778099.0,1661778159.0,1661778219.0,240.0,1661778069.0,1661778159.0,1661778279.0,260.0,1,1.0,5
B,100,10,14,0.1,0.14,191.7,185.77193006479746,236.92857142857142,319.2709248731988,"[0.0, 0.0, 0.0, 0.0, 0.0, 0.0, 0.0, 0.0, 0.0]",0.0,0.0,0.0,0.0,"[0.0, 0.0, 0.0, 0.0, 0.0, 0.0, 0.0, 0.0, 0.0, 0.0, 0.0, 0.0, 0.0]",0.0,0.0,0.0,0.0,1.2472191289246468,0.6666666666666666,0.0,4,4,6,0,0,74,-74,66,638,-66,-278,66,130,127,-680,1661778229.0,1661778229.0,1661778229.0,0.0,1661778229.0,1661778229.0,1661778229.0,0.0,4,2.0,5
B,100,89,11,0.89,0.11,1180.1460674157304,328.4737449724409,725.6363636363636,426.98909347946255,"[0.0, 0.0, 0.0, 0.0, 0.0, 0.0, 0.0, 0.0, 0.0, 0.0, 0.0, 0.0, 0.0, 0.0, 0.0, 0.0, 0.0, 0.0, 0.0, 0.0, 0.0, 0.0, 0.0, 0.0, 0.0, 0.0, 0.0, 0.0, 0.0, 0.0, 0.0, 0.0, 0.0, 0.0, 0.0, 0.0, 0.0, 0.0, 0.0, 0.0, 0.0, 0.0, 0.0, 0.0, 0.0, 5.0, 0.0, 0.0, 0.0, 0.0, 0.0, 0.0, 0.0, 0.0, 0.0, 0.0, 0.0, 0.0, 0.0, 0.0, 0.0, 0.0, 0.0, 0.0, 0.0, 0.0, 0.0, 0.0, 0.0, 0.0, 0.0, 0.0, 0.0, 0.0, 0.0, 0.0, 0.0, 0.0, 0.0, 0.0, 0.0, 0.0, 0.0, 0.0, 0.0, 0.0, 0.0, 0.0]",5.0,0.056818181818181816,0.5299647189255009,0.0,"[0.0, 0.0, 0.0, 0.0, 5.0, 0.0, 0.0, 0.0, 0.0, 0.0]",5.0,0.5,1.5,0.0,2.2050447211388304,5.933333333333334,7.0,7,10,0,4,6,-282,-121,-1292,-1292,-1292,-1292,-1292,-1292,-1292,-1292,1661778302.0,1661778302.0,1661778307.0,5.0,1661778302.0,1661778307.0,1661778307.0,5.0,45,44.5,2
B,100,58,42,0.58,0.42,80.87931034482759,19.56692986525893,240.83333333333334,218.35128061459073,"[0.0, 0.0, 1.0, 1.0, 0.0, 0.0, 0.0, 0.0, 0.0, 0.0, 0.0, 2.0, 0.0, 0.0, 0.0, 5.0, 0.0, 0.0, 0.0, 13.0, 0.0, 0.0, 0.0, 8.0, 0.0, 0.0, 1.0, 1.0, 0.0, 0.0, 0.0, 0.0, 0.0, 0.0, 0.0, 2.0, 0.0, 0.0, 0.0, 4.0, 0.0, 0.0, 1.0, 13.0, 0.0, 0.0, 0.0, 8.0, 0.0, 0.0, 1.0, 1.0, 0.0, 0.0, 0.0, 0.0, 0.0]",13.0,1.087719298245614,2.82396201551405,1.0,"[1.0, 0.0, 1.0, 0.0, 0.0, 0.0, 0.0, 0.0, 2.0, 0.0, 0.0, 4.0, 1.0, 0.0, 13.0, 0.0, 0.0, 8.0, 1.0, 0.0, 1.0, 0.0, 0.0, 0.0, 0.0, 2.0, 0.0, 0.0, 4.0, 1.0, 0.0, 13.0, 0.0, 0.0, 8.0, 0.0, 0.0, 2.0, 0.0, 0.0, 0.0]",13.0,1.5121951219512195,3.209148137248494,1.0,1.2036980056845192,3.8666666666666667,4.0,6,5,5,6,4,521,-74,-118,-68,82,75,-68,522,525,-74,1661778306.0,1661778334.0,1661778340.75,62.0,1661778306.0,1661778333.5,1661778341.0,62.0,7,2.32,25
B,100,20,20,0.2,0.2,108.2,11.556816170554933,193.4,287.5671052119835,"[13.0, 0.0, 16.0, 0.0, 1.0, 4.0, 27.0, 4.0, 26.0, 6.0, 25.0, 6.0, 2.0, 0.0, 10.0, 0.0, 12.0, 19.0, 11.0]",27.0,9.578947368421053,9.022286963395784,14.5,"[13.0, 0.0, 16.0, 1.0, 0.0, 4.0, 27.0, 4.0, 26.0, 6.0, 25.0, 6.0, 2.0, 0.0, 10.0, 0.0, 12.0, 19.0, 11.0]",27.0,9.578947368421053,9.022286963395784,14.5,1.6599866130651644,1.3333333333333333,0.0,4,5,5,0,0,118,-114,-122,1054,-118,66,-90,106,-102,66,1661778334.75,1661778399.0,1661778437.5,182.0,1661778335.0,1661778399.0,1661778437.5,182.0,2,1.4285714285714286,14
B,100,16,16,0.16,0.16,96.5,1.9364916731037085,100.5,1.9364916731037085,"[18.0, 3.0, 21.0, 8.0, 14.0, 17.0, 4.0, 22.0, 5.0, 16.0, 15.0, 6.0, 21.0, 4.0, 18.0]",22.0,12.8,6.774461848245463,18.0,"[18.0, 3.0, 21.0, 8.0, 14.0, 17.0, 4.0, 22.0, 5.0, 16.0, 15.0, 6.0, 21.0, 4.0, 18.0]",22.0,12.8,6.774461848245463,18.0,1.569146972791976,1.0666666666666667,0.0,4,5,5,0,0,102,-98,-94,98,102,-98,102,-98,-94,98,1661778353.0,1661778401.0,1661778449.5,192.0,1661778353.0,1661778401.0,1661778449.5,192.0,2,1.6,10
B,100,14,15,0.14,0.15,103.64285714285714,94.75955070060004,95.8,54.42817897621292,"[5.0, 0.0, 0.0, 9.0, 0.0, 0.0, 0.0, 0.0, 0.0, 15.0, 5.0, 0.0, 0.0]",15.0,2.6153846153846154,4.53259072697115,5.0,"[5.0, 0.0, 0.0, 9.0, 0.0, 0.0, 0.0, 0.0, 0.0, 0.0, 15.0, 5.0, 0.0, 0.0]",15.0,2.4285714285714284,4.41934522807372,3.75,1.569146972791976,0.9333333333333333,0.0,4,5,5,0,0,66,-66,66,97,-78,-66,-66,66,74,-74,1661778321.25,1661778328.0,1661778339.25,34.0,1661778323.5,1661778328.0,1661778335.5,34.0,3,1.75,8
B,100,5,8,0.05,0.08,97.2,58.48213402399061,81.375,27.417774800300627,"[0.0, 0.0, 0.0, 0.0]",0.0,0.0,0.0,0.0,"[2.0, 4.0, 0.0, 0.0, 0.0, 0.0, 0.0]",4.0,0.8571428571428571,1.456862718169367,1.0,0.869226987360353,0.3333333333333333,0.0,3,4,6,0,0,74,74,74,-74,66,153,-66,-214,-66,78,1661778324.0,1661778324.0,1661778324.0,0.0,1661778323.0,1661778324.0,1661778324.0,6.0,3,1.6666666666666667,3
B,100,16,16,0.16,0.16,69.0,7.0,151.6875,81.74557996460726,"[0.0, 25.0, 0.0, 25.0, 0.0, 25.0, 0.0, 25.0, 0.0, 25.0, 0.0, 25.0, 0.0, 25.0, 0.0]",25.0,11.666666666666666,12.47219128924647,25.0,"[0.0, 25.0, 0.0, 25.0, 0.0, 25.0, 0.0, 25.0, 0.0, 25.0, 0.0, 25.0, 0.0, 25.0, 1.0]",25.0,11.733333333333333,12.412180397586164,25.0,1.569146972791976,1.0666666666666667,0.0,4,5,5,0,0,230,-62,-76,70,239,-62,-76,70,239,-62,1661778362.75,1661778406.5,1661778450.25,175.0,1661778362.75,1661778406.5,1661778450.25,176.0,2,2.0,8
B,100,16,16,0.16,0.16,69.0,7.0,149.875,79.87558685230425,"[0.0, 25.0, 0.0, 25.0, 0.0, 25.0, 0.0, 25.0, 0.0, 25.0, 0.0, 25.0, 0.0, 25.0, 0.0]",25.0,11.666666666666666,12.47219128924647,25.0,"[0.0, 25.0, 0.0, 25.0, 0.0, 25.0, 0.0, 25.0, 0.0, 25.0, 0.0, 25.0, 0.0, 25.0, 1.0]",25.0,11.733333333333333,12.412180397586164,25.0,1.569146972791976,1.0666666666666667,0.0,4,5,5,0,0,230,-62,-76,70,230,-62,-76,70,230,-62,1661778362.75,1661778406.5,1661778450.25,175.0,1661778362.75,1661778406.5,1661778450.25,176.0,2,2.0,8
B,100,9,0,0.09,0.0,74.0,0.0,0.0,0.0,"[1.0, 2.0, 62.0, 1.0, 2.0, 62.0, 1.0, 2.0]",62.0,16.625,26.20084683745928,17.0,[],0.0,0.0,0.0,0.0,1.781385228784985,0.6,0.0,7,9,0,0,0,-74,-74,-74,-74,-74,-74,-74,-74,-74,0,1661778328.0,1661778391.0,1661778455.0,133.0,0.0,0.0,0.0,0.0,9,9.0,1
B,100,50,50,0.5,0.5,422.04,465.67086917693274,653.72,561.6983190289963,"[0.0, 0.0, 0.0, 0.0, 0.0, 0.0, 0.0, 0.0, 0.0, 0.0, 0.0, 30.0, 0.0, 0.0, 0.0, 0.0, 0.0, 0.0, 0.0, 0.0, 0.0, 0.0, 30.0, 0.0, 0.0, 0.0, 0.0, 0.0, 0.0, 0.0, 0.0, 0.0, 0.0, 30.0, 0.0, 0.0, 0.0, 0.0, 0.0, 0.0, 0.0, 1.0, 0.0, 0.0, 0.0, 30.0, 0.0, 0.0, 0.0]",30.0,2.4693877551020407,8.209258190197177,0.0,"[0.0, 0.0, 0.0, 0.0, 0.0, 0.0, 0.0, 0.0, 0.0, 0.0, 30.0, 0.0, 0.0, 0.0, 0.0, 0.0, 0.0, 0.0, 0.0, 0.0, 0.0, 0.0, 30.0, 0.0, 0.0, 0.0, 0.0, 0.0, 0.0, 0.0, 0.0, 0.0, 0.0, 0.0, 30.0, 0.0, 0.0, 0.0, 0.0, 0.0, 0.0, 0.0, 1.0, 0.0, 0.0, 30.0, 0.0, 0.0, 0.0]",30.0,2.4693877551020407,8.209258190197177,0.0,1.5347819244295116,3.3333333333333335,4.0,6,4,6,5,5,1292,120,-1292,-832,-130,-67,1292,75,744,1288,1661778358.0,1661778388.0,1661778418.0,121.0,1661778358.0,1661778388.0,1661778418.0,121.0,7,3.5714285714285716,14
B,100,3,3,0.03,0.03,60.0,0.0,64.0,0.0,"[60.0, 60.0]",60.0,60.0,0.0,60.0,"[60.0, 60.0]",60.0,60.0,0.0,60.0,0.7483314773547879,0.2,0.0,3,3,3,0,0,64,-60,64,-60,64,-60,0,0,0,0,1661778369.0,1661778399.0,1661778429.0,120.0,1661778369.0,1661778399.0,1661778429.0,120.0,1,1.0,3
B,100,30,33,0.3,0.33,504.6666666666667,523.8533085596471,297.4848484848485,426.1731132975241,"[0.0, 0.0, 0.0, 0.0, 0.0, 0.0, 30.0, 0.0, 0.0, 0.0, 0.0, 45.0, 0.0, 0.0, 0.0, 0.0, 0.0, 0.0, 30.0, 0.0, 0.0, 0.0, 45.0, 0.0, 0.0, 0.0, 0.0, 0.0, 0.0]",45.0,5.172413793103448,13.227632950908022,0.0,"[0.0, 0.0, 0.0, 0.0, 0.0, 0.0, 0.0, 30.0, 0.0, 0.0, 0.0, 0.0, 45.0, 0.0, 0.0, 0.0, 0.0, 0.0, 0.0, 0.0, 30.0, 0.0, 0.0, 0.0, 45.0, 0.0, 0.0, 0.0, 0.0, 0.0, 0.0, 0.0]",45.0,4.6875,12.68226492981439,0.0,2.1291625896895083,2.0,1.0,6,6,4,0,0,1292,272,168,-1292,-62,-1067,-60,-787,-60,70,1661778374.0,1661778419.0,1661778449.0,150.0,1661778374.0,1661778419.0,1661778449.0,150.0,6,3.0,10
B,100,2,2,0.02,0.02,79.0,13.0,79.0,13.0,[0.0],0.0,0.0,0.0,0.0,[0.0],0.0,0.0,0.0,0.0,0.4988876515698589,0.13333333333333333,0.0,2,2,2,0,0,92,-66,-92,66,0,0,0,0,0,0,1661778364.0,1661778364.0,1661778364.0,0.0,1661778364.0,1661778364.0,1661778364.0,0.0,2,2.0,1
B,100,2,2,0.02,0.02,150.0,0.0,89.0,0.0,[0.0],0.0,0.0,0.0,0.0,[0.0],0.0,0.0,0.0,0.0,0.4988876515698589,0.13333333333333333,0.0,2,2,2,0,0,89,-150,89,-150,0,0,0,0,0,0,1661778435.0,1661778435.0,1661778435.0,0.0,1661778435.0,1661778435.0,1661778435.0,0.0,1,1.0,2
B,100,3,3,0.03,0.03,90.33333333333333,34.41253001774531,87.0,16.06237840420901,"[0.0, 0.0]",0.0,0.0,0.0,0.0,"[0.0, 0.0]",0.0,0.0,0.0,0.0,0.7483314773547879,0.2,0.0,3,3,3,0,0,-139,105,90,-66,-66,66,0,0,0,0,1661778469.0,1661778469.0,1661778469.0,0.0,1661778469.0,1661778469.0,1661778469.0,0.0,2,1.5,2
B,100,13,16,0.13,0.16,391.7692307692308,498.2196231577077,103.5625,59.21884069913899,"[5.0, 0.0, 0.0, 59.0, 0.0, 0.0, 0.0, 0.0, 0.0, 0.0, 15.0, 1.0]",59.0,6.666666666666667,16.326529195011275,2.0,"[5.0, 0.0, 0.0, 59.0, 0.0, 0.0, 0.0, 0.0, 0.0, 0.0, 0.0, 0.0, 15.0, 1.0, 0.0]",59.0,5.333333333333333,14.84437791069587,0.5,1.4544949486180954,0.8666666666666667,0.0,4,5,5,0,0,66,-66,66,97,-78,-66,-66,66,78,-74,1661513315.0,1661513374.0,1661513374.0,80.0,1661513359.25,1661513374.0,1661513374.0,80.0,4,1.625,8
B,100,22,24,0.22,0.24,400.0,476.5522007083799,216.70833333333334,359.2804706593753,"[0.0, 2.0, 0.0, 0.0, 0.0, 0.0, 0.0, 0.0, 0.0, 0.0, 0.0, 76.0, 0.0, 0.0, 0.0, 0.0, 0.0, 0.0, 0.0, 0.0, 0.0]",76.0,3.7142857142857144,16.169173660727015,0.0,"[0.0, 2.0, 0.0, 0.0, 0.0, 0.0, 0.0, 0.0, 0.0, 0.0, 0.0, 0.0, 76.0, 0.0, 0.0, 0.0, 0.0, 0.0, 0.0, 0.0, 0.0, 0.0, 0.0]",76.0,3.391304347826087,15.485586932580333,0.0,1.9955506062794357,1.4666666666666666,0.0,6,4,6,0,0,66,97,-54,-54,1392,270,163,171,-1392,-62,1661513312.0,1661513312.0,1661513388.0,78.0,1661513312.0,1661513312.0,1661513388.0,78.0,8,4.4,5
B,100,2,2,0.02,0.02,54.0,0.0,81.5,15.5,[0.0],0.0,0.0,0.0,0.0,[0.0],0.0,0.0,0.0,0.0,0.4988876515698589,0.13333333333333333,0.0,2,2,2,0,0,66,97,-54,-54,0,0,0,0,0,0,1661513311.0,1661513311.0,1661513311.0,0.0,1661513311.0,1661513311.0,1661513311.0,0.0,2,2.0,1
B,100,12,14,0.12,0.14,418.1666666666667,509.2286377999135,108.64285714285714,61.61355039142555,"[0.0, 0.0, 0.0, 0.0, 0.0, 0.0, 1.0, 15.0, 5.0, 0.0, 0.0]",15.0,1.9090909090909092,4.3787616650153804,0.5,"[0.0, 0.0, 0.0, 0.0, 0.0, 0.0, 0.0, 1.0, 0.0, 15.0, 5.0, 0.0, 0.0]",15.0,1.6153846153846154,4.086346149321055,0.0,1.3759844960366863,0.8,0.0,4,5,5,0,0,74,-74,66,201,-66,-616,-1478,-1478,78,66,1661513311.0,1661513311.0,1661513328.25,21.0,1661513311.0,1661513311.0,1661513323.25,21.0,4,1.7142857142857142,7
B,100,59,41,0.59,0.41,60.0,0.0,64.97560975609755,2.9672012342918146,"[0.0, 0.0, 0.0, 1.0, 1.0, 0.0, 2.0, 0.0, 3.0, 0.0, 2.0, 0.0, 2.0, 0.0, 0.0, 1.0, 1.0, 0.0, 2.0, 0.0, 2.0, 0.0, 2.0, 0.0, 2.0, 0.0, 3.0, 0.0, 2.0, 0.0, 2.0, 0.0, 2.0, 0.0, 0.0, 1.0, 2.0, 0.0, 2.0, 0.0, 2.0, 0.0, 2.0, 0.0, 2.0, 0.0, 0.0, 2.0, 0.0, 2.0, 0.0, 3.0, 0.0, 2.0, 0.0, 2.0, 0.0, 0.0]",3.0,0.896551724137931,1.028719578632848,2.0,"[0.0, 0.0, 2.0, 3.0, 2.0, 2.0, 2.0, 2.0, 2.0, 0.0, 0.0, 0.0, 0.0, 2.0, 2.0, 2.0, 3.0, 0.0, 0.0, 1.0, 0.0, 0.0, 0.0, 1.0, 2.0, 2.0, 3.0, 2.0, 2.0, 2.0, 2.0, 2.0, 3.0, 0.0, 0.0, 0.0, 0.0, 2.0, 2.0, 2.0]",3.0,1.3,1.0770329614269007,2.0,1.2892719737209144,3.933333333333333,5.0,5,7,3,7,3,74,74,-60,-60,-60,-60,64,-60,-60,-60,1661513322.0,1661513337.0,1661513350.0,52.0,1661513326.0,1661513336.0,1661513350.0,52.0,4,2.36,25
B,100,8,5,0.08,0.05,91.0,21.737065119284157,468.2,540.2597153221773,"[0.0, 0.0, 0.0, 0.0, 0.0, 0.0, 0.0]",0.0,0.0,0.0,0.0,"[0.0, 0.0, 0.0, 0.0]",0.0,0.0,0.0,0.0,1.3597385369580757,0.5333333333333333,0.0,4,7,3,0,0,1478,587,105,-105,-78,-78,-66,-133,-97,-105,1661513311.0,1661513311.0,1661513311.0,0.0,1661513311.0,1661513311.0,1661513311.0,0.0,7,4.0,2
B,100,45,55,0.45,0.55,437.77777777777777,536.4466169522427,697.6545454545454,583.0236925852178,"[0.0, 0.0, 0.0, 2.0, 0.0, 0.0, 0.0, 2.0, 0.0, 0.0, 0.0, 3.0, 0.0, 0.0, 0.0, 2.0, 0.0, 0.0, 0.0, 0.0, 2.0, 0.0, 0.0, 0.0, 0.0, 0.0, 0.0, 2.0, 0.0, 0.0, 0.0, 2.0, 0.0, 0.0, 0.0, 0.0, 3.0, 0.0, 0.0, 0.0, 2.0, 0.0, 0.0, 0.0]",3.0,0.45454545454545453,0.9158837127095403,0.0,"[0.0, 0.0, 0.0, 0.0, 2.0, 0.0, 0.0, 0.0, 0.0, 2.0, 0.0, 0.0, 0.0, 1.0, 2.0, 0.0, 0.0, 0.0, 0.0, 2.0, 0.0, 0.0, 0.0, 0.0, 2.0, 0.0, 0.0, 0.0, 0.0, 0.0, 0.0, 0.0, 0.0, 0.0, 2.0, 0.0, 0.0, 0.0, 0.0, 2.0, 0.0, 0.0, 0.0, 0.0, 2.0, 0.0, 0.0, 0.0, 1.0, 2.0, 0.0, 0.0, 0.0, 0.0]",2.0,0.37037037037037035,0.7526815345519104,0.0,1.0327955589886444,3.0,3.0,5,4,6,4,6,160,1392,1392,493,-68,-1392,-197,-77,75,160,1661513315.0,1661513322.0,1661513326.0,20.0,1661513315.5,1661513322.0,1661513326.0,20.0,7,4.5,10
B,100,55,45,0.55,0.45,253.70909090909092,431.93693448453877,556.7333333333333,620.6817542025864,"[0.0, 0.0, 0.0, 0.0, 0.0, 0.0, 0.0, 0.0, 2.0, 0.0, 0.0, 0.0, 0.0, 0.0, 0.0, 0.0, 0.0, 2.0, 0.0, 0.0, 0.0, 1.0, 0.0, 0.0, 0.0, 0.0, 2.0, 0.0, 0.0, 0.0, 0.0, 0.0, 0.0, 0.0, 0.0, 2.0, 0.0, 0.0, 0.0, 0.0, 0.0, 0.0, 0.0, 0.0, 2.0, 0.0, 0.0, 0.0, 0.0, 0.0, 0.0, 0.0, 0.0, 0.0]",2.0,0.2037037037037037,0.5894011282533165,0.0,"[0.0, 0.0, 0.0, 0.0, 0.0, 0.0, 2.0, 0.0, 0.0, 0.0, 0.0, 0.0, 0.0, 2.0, 0.0, 0.0, 0.0, 1.0, 0.0, 0.0, 2.0, 0.0, 0.0, 0.0, 0.0, 0.0, 0.0, 2.0, 0.0, 0.0, 0.0, 0.0, 0.0, 0.0, 2.0, 0.0, 0.0, 0.0, 0.0, 0.0, 0.0, 0.0, 0.0, 0.0]",2.0,0.25,0.6440285143320343,0.0,2.0548046676563256,3.6666666666666665,3.0,7,6,4,4,6,176,1478,1478,294,-66,-66,-66,-66,-243,-1478,1661513313.0,1661513318.0,1661513320.0,11.0,1661513313.0,1661513318.0,1661513320.0,11.0,8,4.230769230769231,13
B,100,51,43,0.51,0.43,176.64705882352942,212.83748965150244,443.2093023255814,558.2856465728639,"[0.0, 0.0, 0.0, 0.0, 0.0, 0.0, 0.0, 0.0, 1.0, 0.0, 0.0, 0.0, 0.0, 0.0, 0.0, 0.0, 29.0, 0.0, 0.0, 0.0, 0.0, 0.0, 0.0, 0.0, 0.0, 1.0, 0.0, 0.0, 0.0, 0.0, 0.0, 0.0, 0.0, 29.0, 0.0, 0.0, 0.0, 0.0, 0.0, 0.0, 0.0, 1.0, 0.0, 0.0, 0.0, 0.0, 0.0, 0.0, 0.0, 0.0]",29.0,1.22,5.675526407303555,0.0,"[0.0, 0.0, 0.0, 0.0, 0.0, 0.0, 1.0, 0.0, 0.0, 0.0, 0.0, 29.0, 0.0, 0.0, 0.0, 0.0, 0.0, 0.0, 0.0, 0.0, 1.0, 0.0, 0.0, 0.0, 0.0, 0.0, 0.0, 0.0, 29.0, 0.0, 0.0, 0.0, 0.0, 0.0, 0.0, 0.0, 0.0, 1.0, 0.0, 0.0, 0.0, 0.0]",29.0,1.4523809523809523,6.165195632598256,0.0,1.9933221850301404,3.4,4.0,7,6,4,2,2,172,105,1478,1164,-66,-66,-105,-66,-243,-621,1661513312.0,1661513341.0,1661513371.0,61.0,1661513312.0,1661513342.0,1661513371.0,61.0,8,4.25,12
B,100,16,17,0.16,0.17,326.125,464.9479641583561,102.23529411764706,57.95589541322599,"[0.0, 0.0, 24.0, 0.0, 0.0, 0.0, 0.0, 0.0, 0.0, 3.0, 0.0, 15.0, 5.0, 0.0, 0.0]",24.0,3.1333333333333333,6.771180760317131,1.5,"[0.0, 0.0, 24.0, 0.0, 0.0, 0.0, 0.0, 0.0, 0.0, 0.0, 3.0, 0.0, 15.0, 5.0, 0.0, 0.0]",24.0,2.9375,6.5998934650492656,0.75,1.6110727964792764,1.0666666666666667,0.0,5,4,6,0,0,66,97,-78,-66,-66,66,74,-74,66,201,1661513335.0,1661513335.0,1661513341.75,47.0,1661513335.0,1661513335.0,1661513338.0,47.0,4,2.0,8
B,100,2,2,0.02,0.02,54.0,0.0,78.0,12.0,[0.0],0.0,0.0,0.0,0.0,[0.0],0.0,0.0,0.0,0.0,0.4988876515698589,0.13333333333333333,0.0,2,2,2,0,0,66,90,-54,-54,0,0,0,0,0,0,1661513311.0,1661513311.0,1661513311.0,0.0,1661513311.0,1661513311.0,1661513311.0,0.0,2,2.0,1
B,100,19,18,0.19,0.18,69.0,8.559390042213103,194.66666666666666,66.13790306792484,"[0.0, 0.0, 0.0, 0.0, 0.0, 25.0, 0.0, 0.0, 0.0, 0.0, 0.0, 26.0, 0.0, 0.0, 0.0, 0.0, 25.0, 0.0]",26.0,4.222222222222222,9.443137164426496,0.0,"[0.0, 0.0, 0.0, 0.0, 25.0, 0.0, 0.0, 0.0, 0.0, 26.0, 0.0, 0.0, 0.0, 25.0, 0.0, 0.0, 0.0]",26.0,4.470588235294118,9.659604467963927,0.0,1.8427033281447007,1.2666666666666666,0.0,5,6,4,0,0,229,229,229,-63,-77,-63,-77,236,-63,-63,1661513311.0,1661513336.0,1661513362.0,76.0,1661513317.25,1661513336.0,1661513362.0,76.0,4,2.375,8
B,100,11,12,0.11,0.12,67.0909090909091,6.734639700891685,176.66666666666666,75.42472332656506,"[0.0, 0.0, 25.0, 0.0, 0.0, 26.0, 0.0, 0.0, 25.0, 0.0]",26.0,7.6,11.612062693595828,18.75,"[0.0, 0.0, 25.0, 0.0, 0.0, 26.0, 0.0, 0.0, 25.0, 0.0, 0.0]",26.0,6.909090909090909,11.285183733587434,12.5,1.3399834161494517,0.7333333333333333,0.0,4,5,5,0,0,230,230,-62,-76,-62,70,230,230,-62,-76,1661513323.5,1661513336.0,1661513362.0,76.0,1661513329.75,1661513349.0,1661513368.25,76.0,3,2.2,5
B,100,12,12,0.12,0.12,66.66666666666667,6.599663291074444,176.66666666666666,75.42472332656506,"[0.0, 0.0, 25.0, 0.0, 0.0, 26.0, 0.0, 0.0, 25.0, 0.0, 0.0]",26.0,6.909090909090909,11.285183733587434,12.5,"[0.0, 0.0, 25.0, 0.0, 1.0, 25.0, 0.0, 0.0, 25.0, 0.0, 0.0]",25.0,6.909090909090909,11.081963605578746,13.0,1.5143755588800731,0.8,0.0,5,5,5,0,0,230,-62,-76,230,70,-62,230,230,-62,-76,1661513330.75,1661513350.0,1661513369.25,76.0,1661513330.75,1661513350.5,1661513369.25,76.0,3,2.0,6
B,100,12,12,0.12,0.12,66.66666666666667,6.599663291074444,176.66666666666666,75.42472332656506,"[0.0, 0.0, 25.0, 0.0, 0.0, 26.0, 0.0, 0.0, 25.0, 0.0, 0.0]",26.0,6.909090909090909,11.285183733587434,12.5,"[0.0, 0.0, 25.0, 0.0, 1.0, 25.0, 0.0, 0.0, 25.0, 0.0, 0.0]",25.0,6.909090909090909,11.081963605578746,13.0,1.5143755588800731,0.8,0.0,5,5,5,0,0,230,-62,-76,230,70,-62,230,230,-62,-76,1661513330.75,1661513350.0,1661513369.25,76.0,1661513330.75,1661513350.5,1661513369.25,76.0,3,2.0,6
B,100,97,3,0.97,0.03,1322.1443298969073,283.01200257563374,178.33333333333334,75.8961278473561,"[0.0, 0.0, 1.0, 0.0, 0.0, 0.0, 0.0, 0.0, 0.0, 0.0, 0.0, 0.0, 0.0, 0.0, 0.0, 0.0, 0.0, 0.0, 0.0, 0.0, 0.0, 0.0, 0.0, 0.0, 0.0, 0.0, 0.0, 0.0, 0.0, 0.0, 0.0, 0.0, 0.0, 0.0, 0.0, 0.0, 0.0, 0.0, 0.0, 0.0, 0.0, 0.0, 0.0, 0.0, 0.0, 0.0, 0.0, 0.0, 0.0, 0.0, 0.0, 0.0, 0.0, 0.0, 0.0, 0.0, 0.0, 0.0, 0.0, 0.0, 0.0, 0.0, 0.0, 0.0, 0.0, 0.0, 0.0, 0.0, 0.0, 0.0, 0.0, 0.0, 0.0, 0.0, 0.0, 0.0, 0.0, 0.0, 0.0, 0.0, 0.0, 0.0, 0.0, 0.0, 0.0, 0.0, 0.0, 0.0, 0.0, 0.0, 0.0, 0.0, 0.0, 0.0, 0.0, 0.0]",1.0,0.010416666666666666,0.1015291077584267,0.0,"[0.0, 0.0]",0.0,0.0,0.0,0.0,1.4079141387961918,6.466666666666667,7.0,7,7,3,10,0,232,232,-64,-115,71,-64,-284,-105,-1392,-1392,1661513313.0,1661513313.0,1661513313.0,1.0,1661513312.0,1661513312.0,1661513312.0,0.0,95,48.5,2
B,100,92,8,0.92,0.08,1365.3804347826087,178.68996969437362,71.0,0.0,"[0.0, 0.0, 0.0, 0.0, 0.0, 0.0, 0.0, 0.0, 0.0, 0.0, 0.0, 0.0, 0.0, 0.0, 0.0, 0.0, 0.0, 0.0, 0.0, 0.0, 0.0, 0.0, 0.0, 0.0, 0.0, 0.0, 0.0, 0.0, 0.0, 0.0, 0.0, 0.0, 0.0, 0.0, 0.0, 0.0, 0.0, 0.0, 0.0, 0.0, 0.0, 1.0, 0.0, 0.0, 0.0, 0.0, 0.0, 0.0, 0.0, 0.0, 0.0, 0.0, 0.0, 0.0, 0.0, 0.0, 0.0, 0.0, 0.0, 0.0, 0.0, 0.0, 0.0, 0.0, 0.0, 0.0, 0.0, 0.0, 0.0, 0.0, 0.0, 0.0, 0.0, 0.0, 0.0, 0.0, 0.0, 0.0, 0.0, 0.0, 0.0, 0.0, 0.0, 0.0, 0.0, 0.0, 0.0, 0.0, 0.0, 0.0, 0.0]",1.0,0.01098901098901099,0.10425091187368282,0.0,"[0.0, 1.0, 0.0, 0.0, 0.0, 0.0, 0.0]",1.0,0.14285714285714285,0.34992710611188266,0.0,1.3597385369580761,6.133333333333334,7.0,7,10,0,8,2,-212,-123,-1392,-1392,-1392,-1392,-1392,-1392,-1392,-1392,1661513313.0,1661513314.0,1661513314.0,1.0,1661513313.75,1661513314.0,1661513314.0,1.0,36,11.5,8
B,100,100,0,1.0,0.0,1364.62,174.6739694402116,0.0,0.0,"[0.0, 0.0, 0.0, 0.0, 0.0, 0.0, 0.0, 0.0, 0.0, 0.0, 0.0, 0.0, 0.0, 0.0, 0.0, 0.0, 0.0, 0.0, 0.0, 0.0, 0.0, 0.0, 0.0, 0.0, 0.0, 0.0, 0.0, 0.0, 0.0, 0.0, 0.0, 0.0, 0.0, 0.0, 0.0, 0.0, 0.0, 0.0, 0.0, 0.0, 0.0, 0.0, 0.0, 0.0, 0.0, 0.0, 0.0, 0.0, 0.0, 0.0, 0.0, 0.0, 0.0, 0.0, 0.0, 0.0, 0.0, 0.0, 0.0, 0.0, 0.0, 0.0, 0.0, 0.0, 0.0, 0.0, 0.0, 0.0, 0.0, 0.0, 0.0, 0.0, 0.0, 0.0, 0.0, 0.0, 0.0, 0.0, 0.0, 0.0, 0.0, 0.0, 0.0, 0.0, 0.0, 0.0, 0.0, 0.0, 0.0, 0.0, 0.0, 0.0, 0.0, 0.0, 0.0, 0.0, 0.0, 0.0, 0.0]",0.0,0.0,0.0,0.0,[],0.0,0.0,0.0,0.0,1.2472191289246473,6.666666666666667,7.0,7,10,0,10,0,-211,-104,-1392,-1392,-1392,-1392,-1392,-1392,-1392,-1392,1661513313.0,1661513313.0,1661513313.0,0.0,0.0,0.0,0.0,0.0,100,100.0,1
B,100,100,0,1.0,0.0,1362.29,179.1098151972694,0.0,0.0,"[0.0, 0.0, 0.0, 0.0, 0.0, 0.0, 0.0, 0.0, 0.0, 0.0, 0.0, 0.0, 0.0, 0.0, 0.0, 0.0, 0.0, 0.0, 0.0, 0.0, 0.0, 0.0, 0.0, 0.0, 0.0, 0.0, 0.0, 0.0, 0.0, 0.0, 0.0, 0.0, 0.0, 0.0, 0.0, 0.0, 0.0, 0.0, 0.0, 0.0, 0.0, 0.0, 0.0, 0.0, 0.0, 0.0, 0.0, 0.0, 0.0, 0.0, 0.0, 0.0, 0.0, 0.0, 0.0, 0.0, 0.0, 0.0, 0.0, 0.0, 0.0, 0.0, 0.0, 0.0, 0.0, 0.0, 0.0, 0.0, 0.0, 0.0, 0.0, 0.0, 0.0, 0.0, 0.0, 0.0, 0.0, 0.0, 0.0, 0.0, 0.0, 0.0, 0.0, 0.0, 0.0, 1.0, 0.0, 0.0, 0.0, 0.0, 0.0, 0.0, 0.0, 0.0, 0.0, 0.0, 0.0, 0.0, 0.0]",1.0,0.010101010101010102,0.0999948983496128,0.0,[],0.0,0.0,0.0,0.0,1.2472191289246473,6.666666666666667,7.0,7,10,0,10,0,-218,-104,-1392,-1392,-1392,-1392,-1392,-1392,-1392,-1392,1661513313.0,1661513313.0,1661513313.0,1.0,0.0,0.0,0.0,0.0,100,100.0,1
B,100,3,3,0.03,0.03,58.0,5.656854249492381,74.0,11.313708498984761,"[60.0, 0.0]",60.0,30.0,30.0,45.0,"[60.0, 0.0]",60.0,30.0,30.0,45.0,0.7483314773547879,0.2,0.0,3,3,3,0,0,-66,66,66,90,-54,-54,0,0,0,0,1661513344.0,1661513374.0,1661513374.0,60.0,1661513344.0,1661513374.0,1661513374.0,60.0,2,1.5,2
B,100,4,4,0.04,0.04,98.25,32.80529682840867,69.0,5.196152422706632,"[5.0, 0.0, 0.0]",5.0,1.6666666666666667,2.357022603955158,2.5,"[5.0, 0.0, 0.0]",5.0,1.6666666666666667,2.357022603955158,2.5,0.9977753031397179,0.26666666666666666,0.0,4,4,4,0,0,-139,66,-122,-66,66,-66,66,78,0,0,1661513317.75,1661513319.0,1661513319.0,5.0,1661513317.75,1661513319.0,1661513319.0,5.0,2,1.3333333333333333,3
B,100,6,6,0.06,0.06,96.66666666666667,1.8856180831641267,100.66666666666667,1.8856180831641267,"[21.0, 2.0, 19.0, 13.0, 9.0]",21.0,12.8,6.881860213634101,19.0,"[21.0, 2.0, 19.0, 13.0, 9.0]",21.0,12.8,6.881860213634101,19.0,1.019803902718557,0.4,0.0,3,5,5,0,0,102,-98,102,-98,-94,98,102,-98,-94,98,1661513338.5,1661513349.5,1661513368.75,64.0,1661513338.5,1661513349.5,1661513368.75,64.0,2,1.5,4
B,100,3,3,0.03,0.03,109.0,31.187604375242845,66.0,0.0,"[5.0, 0.0]",5.0,2.5,2.5,3.75,"[5.0, 0.0]",5.0,2.5,2.5,3.75,0.7483314773547879,0.2,0.0,3,3,3,0,0,-139,66,-122,-66,66,66,0,0,0,0,1661513321.5,1661513324.0,1661513324.0,5.0,1661513321.5,1661513324.0,1661513324.0,5.0,2,1.5,2
B,100,19,15,0.19,0.15,67.89473684210526,6.912191646055581,187.33333333333334,70.75466219424854,"[0.0, 0.0, 0.0, 0.0, 25.0, 0.0, 0.0, 0.0, 0.0, 25.0, 0.0, 0.0, 0.0, 25.0, 0.0, 0.0, 0.0, 1.0]",25.0,4.222222222222222,9.294894390384169,0.0,"[0.0, 0.0, 0.0, 25.0, 0.0, 0.0, 0.0, 25.0, 0.0, 0.0, 25.0, 0.0, 0.0, 0.0]",25.0,5.357142857142857,10.258147583103622,0.0,1.8427033281447005,1.2666666666666666,0.0,5,5,5,0,0,230,230,230,-62,-76,-62,-76,70,-62,230,1661513332.5,1661513345.0,1661513382.5,76.0,1661513332.5,1661513345.0,1661513382.5,75.0,5,3.1666666666666665,6
B,100,11,11,0.11,0.11,67.0909090909091,6.734639700891685,177.54545454545453,81.29672210362105,"[0.0, 0.0, 25.0, 0.0, 0.0, 25.0, 0.0, 25.0, 0.0, 1.0]",25.0,7.6,11.39473562659529,19.0,"[0.0, 0.0, 25.0, 0.0, 0.0, 25.0, 0.0, 25.0, 0.0, 0.0]",25.0,7.5,11.4564392373896,18.75,1.3399834161494517,0.7333333333333333,0.0,4,5,5,0,0,239,-62,-76,239,70,-62,239,239,-62,-76,1661513332.5,1661513345.0,1661513382.5,76.0,1661513332.5,1661513345.0,1661513382.5,75.0,3,1.8333333333333333,6
