label,total_packets,num_incoming,num_outgoing,fraction_incoming,fraction_outgoing,incoming_mean_size,incoming_std_size,outgoing_mean_size,outgoing_std_size,incoming_iats,incoming_max_iat,incoming_mean_iat,incoming_std_iat,incoming_q3_iat,outgoing_iats,outgoing_max_iat,outgoing_mean_iat,outgoing_std_iat,outgoing_q3_iat,chunk_std,chunk_mean,chunk_median,chunk_max,first_10_incoming,first_10_outgoing,last_10_incoming,last_10_outgoing,packet_1_length_direction,packet_2_length_direction,packet_3_length_direction,packet_4_length_direction,packet_5_length_direction,packet_6_length_direction,packet_7_length_direction,packet_8_length_direction,packet_9_length_direction,packet_10_length_direction,incoming_q1_time,incoming_q2_time,incoming_q3_time,incoming_total_time,outgoing_q1_time,outgoing_q2_time,outgoing_q3_time,outgoing_total_time,max_burst,mean_burst,num_bursts
B,100,9,6,0.09,0.06,115.0,35.185224171518364,83.5,17.5,"[0.0, 0.0, 10.0, 0.0, 0.0, 10.0, 0.0, 0.0]",10.0,2.5,4.330127018922194,2.5,"[0.0, 10.0, 0.0, 10.0, 0.0]",10.0,4.0,4.898979485566356,10.0,1.4047538337136984,0.6,0.0,5,6,4,0,0,-132,-147,66,101,-66,-132,-147,66,101,-66,1666386873.0,1666386883.0,1666386893.0,20.0,1666386875.5,1666386883.0,1666386890.5,20.0,3,2.25,4
B,100,60,40,0.6,0.4,115.0,35.185224171518364,83.8,17.895809565370325,"[0.0, 0.0, 10.0, 0.0, 0.0, 10.0, 0.0, 0.0, 10.0, 0.0, 0.0, 10.0, 0.0, 0.0, 10.0, 0.0, 0.0, 10.0, 0.0, 0.0, 10.0, 0.0, 0.0, 10.0, 0.0, 0.0, 10.0, 0.0, 0.0, 10.0, 0.0, 0.0, 10.0, 0.0, 0.0, 10.0, 0.0, 0.0, 10.0, 0.0, 0.0, 10.0, 0.0, 0.0, 10.0, 0.0, 0.0, 10.0, 0.0, 0.0, 10.0, 0.0, 0.0, 10.0, 0.0, 0.0, 10.0, 0.0, 0.0]",10.0,3.2203389830508473,4.672558899013635,10.0,"[0.0, 10.0, 0.0, 10.0, 0.0, 10.0, 0.0, 10.0, 0.0, 10.0, 0.0, 10.0, 0.0, 10.0, 0.0, 10.0, 0.0, 10.0, 0.0, 10.0, 0.0, 10.0, 0.0, 10.0, 0.0, 10.0, 0.0, 10.0, 0.0, 10.0, 0.0, 10.0, 0.0, 10.0, 0.0, 10.0, 0.0, 10.0, 0.0]",10.0,4.871794871794871,4.9983560742610065,10.0,1.0954451150103321,4.0,4.0,5,6,4,6,4,-132,-147,66,101,-66,-132,-147,66,101,-66,1666386950.5,1666386998.0,1666387045.5,190.0,1666386950.5,1666386998.0,1666387045.5,190.0,3,2.857142857142857,21
M,100,30,30,0.3,0.3,110.13333333333334,87.38410737784201,96.66666666666667,41.24021769529782,"[0.0, 0.0, 0.0, 0.0, 0.0, 0.0, 0.0, 0.0, 0.0, 0.0, 0.0, 0.0, 0.0, 0.0, 0.0, 0.0, 0.0, 0.0, 0.0, 0.0, 0.0, 0.0, 0.0, 0.0, 0.0, 0.0, 0.0, 0.0, 0.0]",0.0,0.0,0.0,0.0,"[0.0, 0.0, 0.0, 0.0, 0.0, 0.0, 0.0, 0.0, 0.0, 0.0, 0.0, 0.0, 0.0, 0.0, 0.0, 0.0, 0.0, 0.0, 0.0, 0.0, 0.0, 0.0, 0.0, 0.0, 0.0, 0.0, 0.0, 0.0, 0.0]",0.0,0.0,0.0,0.0,1.6733200530681511,2.0,3.0,4,4,6,0,0,66,-66,66,74,-74,66,-81,66,90,-66,1666386946.0,1666386946.0,1666386946.0,0.0,1666386946.0,1666386946.0,1666386946.0,0.0,4,1.5,20
B,100,15,13,0.15,0.13,107.0,63.944767833915336,119.53846153846153,94.46091205004026,"[0.0, 0.0, 0.0, 0.0, 0.0, 0.0, 0.0, 0.0, 0.0, 0.0, 0.0, 0.0, 0.0, 0.0]",0.0,0.0,0.0,0.0,"[0.0, 0.0, 0.0, 0.0, 0.0, 0.0, 0.0, 0.0, 0.0, 0.0, 0.0, 0.0]",0.0,0.0,0.0,0.0,1.7126976771553504,1.0,0.0,5,6,4,0,0,-66,-74,74,-66,66,-90,-66,66,-93,66,1666386946.0,1666386946.0,1666386946.0,0.0,1666386946.0,1666386946.0,1666386946.0,0.0,3,1.6666666666666667,9
B,100,100,0,1.0,0.0,42.0,0.0,0.0,0.0,"[0.0, 0.0, 0.0, 0.0, 0.0, 0.0, 0.0, 21.0, 11.0, 8.0, -91.0, 0.0, 1.0, 0.0, 12.0, 0.0, 18.0, 0.0, 6.0, 0.0, 4.0, 0.0, 8.0, 0.0, 6.0, 0.0, 10.0, 0.0, 4.0, 0.0, 3.0, 11.0, 8.0, 1.0, 0.0, 0.0, 0.0, 4.0, 0.0, 0.0, 0.0, 11.0, 0.0, 13.0, 0.0, 3.0, 0.0, 8.0, 0.0, 13.0, 0.0, 3.0, 0.0, 4.0, 0.0, 14.0, 0.0, 9.0, 0.0, 1.0, 0.0, 6.0, 0.0, 19.0, 0.0, 0.0, 0.0, 4.0, 0.0, -203.0, 0.0, 12.0, 0.0, 28.0, 0.0, 8.0, 0.0, 20.0, 0.0, 3.0, 11.0, 8.0, 5.0, 0.0, 0.0, 0.0, 27.0, 0.0, 8.0, 0.0, 20.0, 0.0, 14.0, 0.0, 16.0, 0.0, 19.0, 0.0, -128.0]",28.0,0.21212121212121213,27.02571642021191,8.0,[],0.0,0.0,0.0,0.0,1.2472191289246473,6.666666666666667,7.0,7,10,0,10,0,-42,-42,-42,-42,-42,-42,-42,-42,-42,-42,1666386951.0,1666386992.0,1666387047.0,204.0,0.0,0.0,0.0,0.0,100,100.0,1
B,100,100,0,1.0,0.0,81.38,74.15008833440457,0.0,0.0,"[1.0, 0.0, -1.0, 1.0, 0.0, 4.0, 0.0, 26.0, 0.0, 2.0, 0.0, 18.0, 0.0, 11.0, 0.0, 3.0, 0.0, 16.0, 0.0, 8.0, 0.0, -89.0, 1.0, 0.0, 4.0, 0.0, 26.0, 0.0, 2.0, 0.0, 29.0, 0.0, 3.0, 0.0, 24.0, 0.0, -89.0, 1.0, 0.0, -1.0, 1.0, 0.0, 22.0, 0.0, 3.0, 0.0, 31.0, 0.0, 12.0, 0.0, 19.0, 0.0, -88.0, 0.0, 1.0, 0.0, 4.0, 0.0, 0.0, 0.0, 26.0, 0.0, 0.0, 0.0, 33.0, 0.0, 0.0, 0.0, -64.0, 1.0, 0.0, -1.0, 1.0, 0.0, 4.0, 0.0, 0.0, 0.0, 46.0, 0.0, 30.0, 0.0, -81.0, 1.0, 0.0, -1.0, 1.0, 0.0, -1.0, 0.0, 1.0, 0.0, 1.0, 0.0, 21.0, 0.0, 3.0, 0.0, 5.0]",46.0,0.31313131313131315,21.34121372664149,3.0,[],0.0,0.0,0.0,0.0,1.2472191289246473,6.666666666666667,7.0,7,10,0,10,0,-42,-221,-221,-42,-221,-221,-42,-42,-42,-42,1667300606.0,1667300628.0,1667300662.0,89.0,0.0,0.0,0.0,0.0,100,100.0,1
B,100,0,11,0.0,0.11,0.0,0.0,201.0,0.0,[],0.0,0.0,0.0,0.0,"[0.0, 0.0, 0.0, 0.0, 0.0, 0.0, 0.0, 0.0, 0.0, 0.0]",0.0,0.0,0.0,0.0,0.0,0.0,0.0,0,0,10,0,0,201,201,201,201,201,201,201,201,201,201,0.0,0.0,0.0,0.0,1667300606.0,1667300606.0,1667300606.0,0.0,0,0.0,0
B,100,54,36,0.54,0.36,115.0,35.185224171518364,83.5,17.5,"[0.0, 0.0, 10.0, 0.0, 0.0, 10.0, 0.0, 0.0, 10.0, 0.0, 0.0, 10.0, 0.0, 0.0, 10.0, 0.0, 0.0, 10.0, 0.0, 0.0, 10.0, 0.0, 0.0, 10.0, 0.0, 0.0, -80.0, 0.0, 0.0, 10.0, 0.0, 0.0, 10.0, 0.0, 0.0, 10.0, 0.0, 0.0, 10.0, 0.0, 0.0, 10.0, 0.0, 0.0, 10.0, 0.0, 0.0, 10.0, 0.0, 0.0, 10.0, 0.0, 0.0]",10.0,1.509433962264151,12.192825978417746,10.0,"[0.0, 10.0, 0.0, 10.0, 0.0, 10.0, 0.0, 10.0, 0.0, 10.0, 0.0, 10.0, 0.0, 10.0, 0.0, 10.0, 0.0, -80.0, 0.0, 10.0, 0.0, 10.0, 0.0, 10.0, 0.0, 10.0, 0.0, 10.0, 0.0, 10.0, 0.0, 10.0, 0.0, 10.0, 0.0]",10.0,2.2857142857142856,14.94479637785374,10.0,1.5832456116050557,3.6,4.0,5,6,4,0,0,-132,-147,66,101,-66,-132,-147,66,101,-66,1667300634.0,1667300654.0,1667300674.0,80.0,1667300634.0,1667300654.0,1667300674.0,80.0,3,2.8421052631578947,19
B,100,60,40,0.6,0.4,115.0,35.185224171518364,83.5,17.5,"[0.0, 0.0, 10.0, 0.0, 0.0, 10.0, 0.0, 0.0, 10.0, 0.0, 0.0, 10.0, 0.0, 0.0, 10.0, 0.0, 0.0, 11.0, 0.0, 0.0, 10.0, 0.0, 0.0, 10.0, 0.0, 0.0, 10.0, 0.0, 0.0, 10.0, 0.0, 0.0, 10.0, 0.0, 0.0, 10.0, 0.0, 0.0, 10.0, 0.0, 0.0, 10.0, 0.0, 0.0, 10.0, 0.0, 0.0, 10.0, 0.0, 0.0, 10.0, 0.0, 0.0, 10.0, 0.0, 0.0, 10.0, 0.0, 0.0]",11.0,3.23728813559322,4.698860240637688,10.0,"[0.0, 10.0, 0.0, 10.0, 0.0, 10.0, 0.0, 10.0, 0.0, 10.0, 0.0, 11.0, 0.0, 10.0, 0.0, 10.0, 0.0, 10.0, 0.0, 10.0, 0.0, 10.0, 0.0, 10.0, 0.0, 10.0, 0.0, 10.0, 0.0, 10.0, 0.0, 10.0, 0.0, 10.0, 0.0, 10.0, 0.0, 10.0, 0.0]",11.0,4.897435897435898,5.027079856827073,10.0,1.0954451150103321,4.0,4.0,5,6,4,6,4,-132,-147,66,101,-66,-132,-147,66,101,-66,1667300751.5,1667300800.0,1667300847.5,191.0,1667300751.5,1667300800.0,1667300847.5,191.0,3,2.857142857142857,21
B,100,100,0,1.0,0.0,42.28,2.7859648238985355,0.0,0.0,"[121.0, 120.0, -260.0, 0.0, 11.0, 0.0, 6.0, 0.0, 2.0, 16.0, 0.0, 6.0, 0.0, 4.0, 0.0, 2.0, 22.0, 0.0, 3.0, 0.0, 6.0, 0.0, 36.0, 0.0, 11.0, 0.0, 15.0, 19.0, 0.0, 18.0, 0.0, 28.0, 0.0, 22.0, 0.0, 23.0, 0.0, 10.0, 19.0, 0.0, -279.0, 0.0, 17.0, 0.0, 2.0, 16.0, 0.0, 10.0, 0.0, 24.0, 0.0, 3.0, 0.0, 42.0, 0.0, 11.0, 0.0, 15.0, 19.0, 0.0, 18.0, 0.0, 28.0, 0.0, 22.0, 0.0, 23.0, 0.0, 10.0, 19.0, 0.0, -260.0, 121.0, 120.0, -242.0, 0.0, 0.0, 0.0, 1.0, 29.0, 0.0, 19.0, 0.0, 31.0, 0.0, 19.0, 0.0, 23.0, 9.0, 0.0, 6.0, 0.0, 39.0, 0.0, 4.0, 0.0, 34.0, 0.0, 15.0]",121.0,2.303030303030303,59.21412173662196,18.5,[],0.0,0.0,0.0,0.0,1.2472191289246473,6.666666666666667,7.0,7,10,0,10,0,-42,-42,-42,-42,-42,-42,-42,-42,-42,-42,1667300750.0,1667300821.5,1667300901.0,279.0,0.0,0.0,0.0,0.0,100,100.0,1
B,100,60,40,0.6,0.4,115.0,35.185224171518364,83.8,17.895809565370325,"[0.0, 0.0, 10.0, 0.0, 0.0, 10.0, 0.0, 0.0, 10.0, 0.0, 0.0, 10.0, 0.0, 0.0, 10.0, 0.0, 0.0, 10.0, 0.0, 0.0, 10.0, 0.0, 0.0, 10.0, 0.0, 0.0, 10.0, 0.0, 0.0, 10.0, 0.0, 0.0, 10.0, 0.0, 0.0, 10.0, 0.0, 0.0, 10.0, 0.0, 0.0, 10.0, 0.0, 0.0, 10.0, 0.0, 0.0, 10.0, 0.0, 0.0, 10.0, 0.0, 0.0, 10.0, 0.0, 0.0, 10.0, 0.0, 0.0]",10.0,3.2203389830508473,4.672558899013635,10.0,"[0.0, 10.0, 0.0, 10.0, 0.0, 10.0, 0.0, 10.0, 0.0, 10.0, 0.0, 10.0, 0.0, 10.0, 0.0, 10.0, 0.0, 10.0, 0.0, 10.0, 0.0, 10.0, 0.0, 10.0, 0.0, 10.0, 0.0, 10.0, 0.0, 10.0, 0.0, 10.0, 0.0, 10.0, 0.0, 10.0, 0.0, 10.0, 0.0]",10.0,4.871794871794871,4.9983560742610065,10.0,1.0954451150103321,4.0,4.0,5,6,4,6,4,-132,-147,66,101,-66,-132,-147,66,101,-66,1667301052.5,1667301100.0,1667301147.5,190.0,1667301052.5,1667301100.0,1667301147.5,190.0,3,2.857142857142857,21
B,100,100,0,1.0,0.0,42.84,4.776442190584955,0.0,0.0,"[71.0, 120.0, -205.0, 0.0, 36.0, 0.0, 9.0, 0.0, 40.0, 3.0, 0.0, 2.0, 0.0, 39.0, 0.0, 1.0, 0.0, 38.0, 0.0, 2.0, 0.0, 35.0, 1.0, 0.0, 6.0, 0.0, 26.0, 0.0, 7.0, 0.0, 7.0, 0.0, 32.0, 0.0, 10.0, 0.0, -294.0, 0.0, 36.0, 0.0, 9.0, 0.0, 40.0, 3.0, 0.0, 2.0, 0.0, 39.0, 0.0, 1.0, 0.0, 38.0, 0.0, 2.0, 0.0, 35.0, 1.0, 0.0, 6.0, 0.0, 33.0, 0.0, 7.0, 0.0, 32.0, 0.0, 10.0, 0.0, -209.0, 120.0, 72.0, -276.0, 0.0, 13.0, 0.0, 0.0, 36.0, 0.0, 3.0, 0.0, 32.0, 12.0, 0.0, 3.0, 0.0, 41.0, 0.0, 10.0, 0.0, 34.0, 0.0, 17.0, 0.0, 3.0, 24.0, 0.0, 24.0, 0.0, 20.0]",120.0,2.6161616161616164,56.20196392389836,18.5,[],0.0,0.0,0.0,0.0,1.2472191289246473,6.666666666666667,7.0,7,10,0,10,0,-70,-42,-42,-42,-42,-42,-42,-42,-42,-42,1667301086.0,1667301152.0,1667301213.0,294.0,0.0,0.0,0.0,0.0,100,100.0,1
B,100,60,40,0.6,0.4,115.0,35.185224171518364,83.5,17.5,"[0.0, 0.0, 10.0, 0.0, 0.0, 10.0, 0.0, 0.0, 10.0, 0.0, 0.0, 10.0, 0.0, 0.0, 10.0, 0.0, 0.0, 10.0, 0.0, 0.0, 10.0, 0.0, 0.0, 10.0, 0.0, 0.0, 10.0, 0.0, 0.0, 10.0, 0.0, 0.0, 10.0, 0.0, 0.0, 10.0, 0.0, 0.0, 10.0, 0.0, 0.0, 10.0, 0.0, 0.0, 10.0, 0.0, 0.0, 10.0, 0.0, 0.0, 10.0, 0.0, 0.0, 10.0, 0.0, 0.0, 10.0, 0.0, 0.0]",10.0,3.2203389830508473,4.672558899013635,10.0,"[0.0, 10.0, 0.0, 10.0, 0.0, 10.0, 0.0, 10.0, 0.0, 10.0, 0.0, 10.0, 0.0, 10.0, 0.0, 10.0, 0.0, 10.0, 0.0, 10.0, 0.0, 10.0, 0.0, 10.0, 0.0, 10.0, 0.0, 10.0, 0.0, 10.0, 0.0, 10.0, 0.0, 10.0, 0.0, 10.0, 0.0, 10.0, 0.0]",10.0,4.871794871794871,4.9983560742610065,10.0,1.0954451150103321,4.0,4.0,5,6,4,6,4,-132,-147,66,101,-66,-132,-147,66,101,-66,1667301352.5,1667301400.0,1667301447.5,190.0,1667301352.5,1667301400.0,1667301447.5,190.0,3,2.857142857142857,21
B,100,100,0,1.0,0.0,42.0,0.0,0.0,0.0,"[120.0, 120.0, -242.0, 0.0, 2.0, 9.0, 0.0, 1.0, 0.0, 27.0, 0.0, 12.0, 0.0, 27.0, 0.0, 10.0, 0.0, 5.0, 0.0, 26.0, 0.0, 3.0, 11.0, 0.0, 4.0, 0.0, 10.0, 0.0, 17.0, 0.0, 9.0, 0.0, 14.0, 0.0, 9.0, 0.0, 3.0, 0.0, 26.0, 0.0, 8.0, 0.0, 3.0, 0.0, 6.0, 9.0, 0.0, 13.0, 0.0, -264.0, 0.0, 2.0, 9.0, 0.0, 28.0, 0.0, 12.0, 0.0, 37.0, 0.0, 5.0, 0.0, 26.0, 0.0, 3.0, 15.0, 0.0, 10.0, 0.0, 26.0, 0.0, 14.0, 0.0, 12.0, 0.0, 26.0, 0.0, 11.0, 0.0, 6.0, 9.0, 0.0, -249.0, 120.0, 120.0, -261.0, 0.0, 13.0, 0.0, 8.0, 30.0, 0.0, 6.0, 0.0, 46.0, 0.0, 9.0, 0.0, 23.0]",120.0,1.1515151515151516,57.69291111266453,11.5,[],0.0,0.0,0.0,0.0,1.2472191289246473,6.666666666666667,7.0,7,10,0,10,0,-42,-42,-42,-42,-42,-42,-42,-42,-42,-42,1667301363.0,1667301444.5,1667301520.0,283.0,0.0,0.0,0.0,0.0,100,100.0,1
B,100,60,40,0.6,0.4,115.0,35.185224171518364,83.5,17.5,"[0.0, 0.0, 10.0, 0.0, 0.0, 10.0, 0.0, 0.0, 10.0, 0.0, 0.0, 10.0, 0.0, 0.0, 10.0, 0.0, 0.0, 10.0, 0.0, 0.0, 10.0, 0.0, 0.0, 10.0, 0.0, 0.0, 10.0, 0.0, 0.0, 10.0, 0.0, 0.0, 10.0, 0.0, 0.0, 10.0, 0.0, 0.0, 10.0, 0.0, 0.0, 10.0, 0.0, 0.0, 10.0, 0.0, 0.0, 10.0, 0.0, 0.0, 10.0, 0.0, 0.0, 10.0, 0.0, 0.0, 10.0, 0.0, 0.0]",10.0,3.2203389830508473,4.672558899013635,10.0,"[0.0, 10.0, 0.0, 10.0, 0.0, 10.0, 0.0, 10.0, 0.0, 10.0, 0.0, 10.0, 0.0, 10.0, 0.0, 10.0, 0.0, 10.0, 0.0, 10.0, 0.0, 10.0, 0.0, 10.0, 0.0, 10.0, 0.0, 10.0, 0.0, 10.0, 0.0, 10.0, 0.0, 10.0, 0.0, 10.0, 0.0, 10.0, 0.0]",10.0,4.871794871794871,4.9983560742610065,10.0,1.0954451150103321,4.0,4.0,5,6,4,6,4,-132,-147,66,101,-66,-132,-147,66,101,-66,1667301652.5,1667301700.0,1667301747.5,190.0,1667301652.5,1667301700.0,1667301747.5,190.0,3,2.857142857142857,21
B,100,100,0,1.0,0.0,43.4,6.102458520956944,0.0,0.0,"[116.0, 4.0, -205.0, 0.0, 8.0, 0.0, 9.0, 0.0, 9.0, 0.0, 26.0, 0.0, 2.0, 0.0, 3.0, 0.0, 21.0, 0.0, 5.0, 0.0, 2.0, 21.0, 0.0, 12.0, 0.0, 23.0, 0.0, 17.0, 0.0, 2.0, 0.0, 16.0, 0.0, 24.0, 0.0, 1.0, 4.0, 5.0, 0.0, 32.0, 0.0, 3.0, 0.0, 12.0, 0.0, 23.0, 0.0, 2.0, 0.0, -282.0, 0.0, 8.0, 0.0, 18.0, 0.0, 26.0, 0.0, 5.0, 0.0, 21.0, 0.0, 7.0, 21.0, 0.0, 12.0, 0.0, 23.0, 0.0, 19.0, 0.0, 16.0, 0.0, 24.0, 0.0, 1.0, 0.0, 4.0, 5.0, 0.0, 32.0, 0.0, 3.0, 0.0, 35.0, 0.0, 2.0, 0.0, -197.0, 116.0, 4.0, -202.0, 0.0, 33.0, 0.0, 0.0, 0.0, 33.0, 0.0, 16.0]",116.0,0.0,49.45215012024403,12.0,[],0.0,0.0,0.0,0.0,1.2472191289246473,6.666666666666667,7.0,7,10,0,10,0,-42,-70,-42,-42,-42,-42,-42,-42,-42,-42,1667301655.0,1667301719.0,1667301806.0,282.0,0.0,0.0,0.0,0.0,100,100.0,1
B,100,60,40,0.6,0.4,115.0,35.185224171518364,83.5,17.5,"[0.0, 0.0, 10.0, 0.0, 0.0, 10.0, 0.0, 0.0, 10.0, 0.0, 0.0, 10.0, 0.0, 0.0, 10.0, 0.0, 0.0, 10.0, 0.0, 0.0, 10.0, 0.0, 0.0, 10.0, 0.0, 0.0, 10.0, 0.0, 0.0, 10.0, 0.0, 0.0, 10.0, 0.0, 0.0, 10.0, 0.0, 0.0, 10.0, 0.0, 0.0, 10.0, 0.0, 0.0, 10.0, 0.0, 0.0, 10.0, 0.0, 0.0, 10.0, 0.0, 0.0, 10.0, 0.0, 0.0, 10.0, 0.0, 0.0]",10.0,3.2203389830508473,4.672558899013635,10.0,"[0.0, 10.0, 0.0, 10.0, 0.0, 10.0, 0.0, 10.0, 0.0, 10.0, 0.0, 10.0, 0.0, 10.0, 0.0, 10.0, 0.0, 10.0, 0.0, 10.0, 0.0, 10.0, 0.0, 10.0, 0.0, 10.0, 0.0, 10.0, 0.0, 10.0, 0.0, 10.0, 0.0, 10.0, 0.0, 10.0, 0.0, 10.0, 0.0]",10.0,4.871794871794871,4.9983560742610065,10.0,1.0954451150103321,4.0,4.0,5,6,4,6,4,-132,-147,66,101,-66,-132,-147,66,101,-66,1667301953.5,1667302001.0,1667302048.5,190.0,1667301953.5,1667302001.0,1667302048.5,190.0,3,2.857142857142857,21
B,100,100,0,1.0,0.0,42.0,0.0,0.0,0.0,"[120.0, 120.0, -251.0, 0.0, 9.0, 0.0, 2.0, 24.0, 0.0, 16.0, 0.0, 18.0, 0.0, 2.0, 0.0, 22.0, 0.0, 22.0, 0.0, 12.0, 0.0, 4.0, 30.0, 0.0, 0.0, 0.0, 1.0, 0.0, 33.0, 0.0, 4.0, 0.0, 10.0, 0.0, 20.0, 0.0, 22.0, 5.0, 0.0, 10.0, 0.0, -266.0, 0.0, 9.0, 0.0, 2.0, 24.0, 0.0, 16.0, 0.0, 18.0, 0.0, 24.0, 0.0, 22.0, 0.0, 12.0, 0.0, 4.0, 30.0, 0.0, 0.0, 0.0, 34.0, 0.0, 14.0, 0.0, 20.0, 0.0, 22.0, 5.0, 0.0, 10.0, 0.0, -255.0, 120.0, 120.0, -255.0, 0.0, 15.0, 11.0, 0.0, 1.0, 0.0, 28.0, 0.0, 16.0, 0.0, 11.0, 0.0, 28.0, 0.0, 10.0, 0.0, 15.0, 2.0, 0.0, 28.0, 0.0]",120.0,1.5151515151515151,58.23972812477536,16.0,[],0.0,0.0,0.0,0.0,1.2472191289246473,6.666666666666667,7.0,7,10,0,10,0,-42,-42,-42,-42,-42,-42,-42,-42,-42,-42,1667301967.0,1667302032.0,1667302111.0,270.0,0.0,0.0,0.0,0.0,100,100.0,1
B,100,60,40,0.6,0.4,115.0,35.185224171518364,83.5,17.5,"[0.0, 0.0, 10.0, 0.0, 0.0, 10.0, 0.0, 0.0, 10.0, 0.0, 0.0, 10.0, 0.0, 0.0, 10.0, 0.0, 0.0, 10.0, 0.0, 0.0, 10.0, 0.0, 0.0, 10.0, 0.0, 0.0, 10.0, 0.0, 0.0, 10.0, 0.0, 0.0, 10.0, 0.0, 0.0, 10.0, 0.0, 0.0, 10.0, 0.0, 0.0, 10.0, 0.0, 0.0, 10.0, 0.0, 0.0, 10.0, 0.0, 0.0, 10.0, 0.0, 0.0, 10.0, 0.0, 0.0, 10.0, 0.0, 0.0]",10.0,3.2203389830508473,4.672558899013635,10.0,"[0.0, 10.0, 0.0, 10.0, 0.0, 10.0, 0.0, 10.0, 0.0, 10.0, 0.0, 10.0, 0.0, 10.0, 0.0, 10.0, 0.0, 10.0, 0.0, 10.0, 0.0, 10.0, 0.0, 10.0, 0.0, 10.0, 0.0, 10.0, 0.0, 10.0, 0.0, 10.0, 0.0, 10.0, 0.0, 10.0, 0.0, 10.0, 0.0]",10.0,4.871794871794871,4.9983560742610065,10.0,1.0954451150103321,4.0,4.0,5,6,4,6,4,-132,-147,66,101,-66,-132,-147,66,101,-66,1667302253.5,1667302301.0,1667302348.5,190.0,1667302253.5,1667302301.0,1667302348.5,190.0,3,2.857142857142857,21
B,100,100,0,1.0,0.0,42.0,0.0,0.0,0.0,"[120.0, -199.0, 0.0, 7.0, 0.0, 4.0, 0.0, 30.0, 0.0, 17.0, 0.0, 17.0, 0.0, 4.0, 25.0, 0.0, 1.0, 0.0, 11.0, 0.0, 11.0, 0.0, 23.0, 0.0, 8.0, 0.0, 15.0, 0.0, 22.0, 0.0, 4.0, 1.0, 0.0, 18.0, 0.0, 23.0, 0.0, 1.0, 0.0, 21.0, 0.0, 21.0, 0.0, 2.0, 0.0, -279.0, 0.0, 4.0, 0.0, 30.0, 0.0, 17.0, 0.0, 17.0, 0.0, 4.0, 26.0, 0.0, 11.0, 0.0, 11.0, 0.0, 23.0, 0.0, 8.0, 0.0, 15.0, 0.0, 22.0, 0.0, 4.0, 1.0, 0.0, 18.0, 0.0, 23.0, 0.0, 1.0, 0.0, 21.0, 0.0, 21.0, 0.0, 2.0, 0.0, -207.0, 120.0, -192.0, 0.0, 14.0, 0.0, 13.0, 0.0, 27.0, 0.0, 9.0, 0.0, 9.0, 10.0]",120.0,0.10101010101010101,49.060155807626465,14.5,[],0.0,0.0,0.0,0.0,1.2472191289246473,6.666666666666667,7.0,7,10,0,10,0,-42,-42,-42,-42,-42,-42,-42,-42,-42,-42,1667302269.0,1667302335.0,1667302408.0,286.0,0.0,0.0,0.0,0.0,100,100.0,1
B,100,60,40,0.6,0.4,115.0,35.185224171518364,83.5,17.5,"[0.0, 0.0, 10.0, 0.0, 0.0, 10.0, 0.0, 0.0, 10.0, 0.0, 0.0, 10.0, 0.0, 0.0, 10.0, 0.0, 0.0, 10.0, 0.0, 0.0, 10.0, 0.0, 0.0, 10.0, 0.0, 0.0, 10.0, 0.0, 0.0, 10.0, 0.0, 0.0, 10.0, 0.0, 0.0, 10.0, 0.0, 0.0, 10.0, 0.0, 0.0, 10.0, 0.0, 0.0, 10.0, 0.0, 0.0, 10.0, 0.0, 0.0, 10.0, 0.0, 0.0, 10.0, 0.0, 0.0, 10.0, 0.0, 0.0]",10.0,3.2203389830508473,4.672558899013635,10.0,"[0.0, 10.0, 0.0, 10.0, 0.0, 10.0, 0.0, 10.0, 0.0, 10.0, 0.0, 10.0, 0.0, 10.0, 0.0, 10.0, 0.0, 10.0, 0.0, 10.0, 0.0, 10.0, 0.0, 10.0, 0.0, 10.0, 0.0, 10.0, 0.0, 10.0, 0.0, 10.0, 0.0, 10.0, 0.0, 10.0, 0.0, 10.0, 0.0]",10.0,4.871794871794871,4.9983560742610065,10.0,1.0954451150103321,4.0,4.0,5,6,4,6,4,-132,-147,66,101,-66,-132,-147,66,101,-66,1667302553.5,1667302601.0,1667302648.5,190.0,1667302553.5,1667302601.0,1667302648.5,190.0,3,2.857142857142857,21
B,100,100,0,1.0,0.0,42.0,0.0,0.0,0.0,"[120.0, 120.0, -258.0, 0.0, 7.0, 0.0, 11.0, 7.0, 0.0, 5.0, 0.0, 22.0, 0.0, 15.0, 0.0, 8.0, 0.0, 42.0, 0.0, 1.0, 0.0, 20.0, 23.0, 0.0, 6.0, 0.0, 37.0, 0.0, 13.0, 0.0, 30.0, 0.0, 11.0, 9.0, 0.0, 23.0, 0.0, -283.0, 0.0, 11.0, 7.0, 0.0, 5.0, 0.0, 22.0, 0.0, 15.0, 0.0, 8.0, 0.0, 42.0, 0.0, 1.0, 0.0, 20.0, 23.0, 0.0, 6.0, 0.0, 37.0, 0.0, 13.0, 0.0, 30.0, 0.0, 11.0, 9.0, 0.0, 23.0, 0.0, -272.0, 120.0, 120.0, -250.0, 0.0, 10.0, 1.0, 0.0, 29.0, 0.0, 4.0, 0.0, 24.0, 0.0, 20.0, 0.0, 25.0, 0.0, 14.0, 0.0, 3.0, 28.0, 0.0, 7.0, 0.0, 38.0, 0.0, 0.0, 0.0]",120.0,1.9494949494949494,60.233950247108865,15.0,[],0.0,0.0,0.0,0.0,1.2472191289246473,6.666666666666667,7.0,7,10,0,10,0,-42,-42,-42,-42,-42,-42,-42,-42,-42,-42,1667302560.0,1667302627.0,1667302713.0,290.0,0.0,0.0,0.0,0.0,100,100.0,1
B,100,60,40,0.6,0.4,115.0,35.185224171518364,83.5,17.5,"[0.0, 0.0, 10.0, 0.0, 0.0, 10.0, 0.0, 0.0, 10.0, 0.0, 0.0, 10.0, 0.0, 0.0, 10.0, 0.0, 0.0, 10.0, 0.0, 0.0, 10.0, 0.0, 0.0, 10.0, 0.0, 0.0, 10.0, 0.0, 0.0, 10.0, 0.0, 0.0, 10.0, 0.0, 0.0, 10.0, 0.0, 0.0, 10.0, 0.0, 0.0, 10.0, 0.0, 0.0, 10.0, 0.0, 0.0, 10.0, 0.0, 0.0, 10.0, 0.0, 0.0, 10.0, 0.0, 0.0, 10.0, 0.0, 0.0]",10.0,3.2203389830508473,4.672558899013635,10.0,"[0.0, 10.0, 0.0, 10.0, 0.0, 10.0, 0.0, 10.0, 0.0, 10.0, 0.0, 10.0, 0.0, 10.0, 0.0, 10.0, 0.0, 10.0, 0.0, 10.0, 0.0, 10.0, 0.0, 10.0, 0.0, 10.0, 0.0, 10.0, 0.0, 10.0, 0.0, 10.0, 0.0, 10.0, 0.0, 10.0, 0.0, 10.0, 0.0]",10.0,4.871794871794871,4.9983560742610065,10.0,1.0954451150103321,4.0,4.0,5,6,4,6,4,-132,-147,66,101,-66,-132,-147,66,101,-66,1667302853.5,1667302901.0,1667302948.5,190.0,1667302853.5,1667302901.0,1667302948.5,190.0,3,2.857142857142857,21
B,100,100,0,1.0,0.0,42.0,0.0,0.0,0.0,"[120.0, -181.0, 0.0, 16.0, 0.0, 36.0, 0.0, 7.0, 0.0, 2.0, 34.0, 0.0, 7.0, 0.0, 0.0, 0.0, 29.0, 0.0, 1.0, 0.0, 11.0, 0.0, 19.0, 0.0, 0.0, 0.0, 19.0, 3.0, 0.0, 6.0, 0.0, 3.0, 0.0, 27.0, 0.0, 4.0, 0.0, 1.0, 0.0, 25.0, 0.0, 4.0, 0.0, 12.0, 0.0, -266.0, 0.0, 16.0, 0.0, 36.0, 0.0, 7.0, 0.0, 2.0, 41.0, 0.0, 0.0, 0.0, 30.0, 0.0, 11.0, 0.0, 19.0, 0.0, 19.0, 3.0, 0.0, 6.0, 0.0, 30.0, 0.0, 5.0, 0.0, 25.0, 0.0, 16.0, 0.0, -205.0, 120.0, -196.0, 0.0, 25.0, 0.0, 20.0, 0.0, 19.0, 0.0, 12.0, 14.0, 0.0, 23.0, 0.0, 14.0, 0.0, 36.0, 0.0, 0.0, 0.0, 33.0]",120.0,1.2121212121212122,48.242709760080935,15.0,[],0.0,0.0,0.0,0.0,1.2472191289246473,6.666666666666667,7.0,7,10,0,10,0,-42,-42,-42,-42,-42,-42,-42,-42,-42,-42,1667302887.0,1667302958.0,1667303016.0,281.0,0.0,0.0,0.0,0.0,100,100.0,1
B,100,60,40,0.6,0.4,115.0,35.185224171518364,83.5,17.5,"[0.0, 0.0, 10.0, 0.0, 0.0, 10.0, 0.0, 0.0, 10.0, 0.0, 0.0, 10.0, 0.0, 0.0, 10.0, 0.0, 0.0, 10.0, 0.0, 0.0, 10.0, 0.0, 0.0, 10.0, 0.0, 0.0, 10.0, 0.0, 0.0, 10.0, 0.0, 0.0, 10.0, 0.0, 0.0, 10.0, 0.0, 0.0, 10.0, 0.0, 0.0, 10.0, 0.0, 0.0, 10.0, 0.0, 0.0, 10.0, 0.0, 0.0, 10.0, 0.0, 0.0, 10.0, 0.0, 0.0, 10.0, 0.0, 0.0]",10.0,3.2203389830508473,4.672558899013635,10.0,"[0.0, 10.0, 0.0, 10.0, 0.0, 10.0, 0.0, 10.0, 0.0, 10.0, 0.0, 10.0, 0.0, 10.0, 0.0, 10.0, 0.0, 10.0, 0.0, 10.0, 0.0, 10.0, 0.0, 10.0, 0.0, 10.0, 0.0, 10.0, 0.0, 10.0, 0.0, 10.0, 0.0, 10.0, 0.0, 10.0, 0.0, 10.0, 0.0]",10.0,4.871794871794871,4.9983560742610065,10.0,1.0954451150103321,4.0,4.0,5,6,4,6,4,-132,-147,66,101,-66,-132,-147,66,101,-66,1667303154.5,1667303202.0,1667303249.5,190.0,1667303154.5,1667303202.0,1667303249.5,190.0,3,2.857142857142857,21
B,100,100,0,1.0,0.0,42.0,0.0,0.0,0.0,"[121.0, 120.0, -264.0, 0.0, 12.0, 0.0, 11.0, 6.0, 0.0, 1.0, 0.0, 13.0, 0.0, 17.0, 0.0, 10.0, 0.0, 10.0, 0.0, 8.0, 0.0, 22.0, 0.0, 4.0, 0.0, 4.0, 0.0, 17.0, 0.0, 5.0, 0.0, 4.0, 14.0, 0.0, 4.0, 0.0, 4.0, 0.0, 18.0, 0.0, 18.0, 0.0, 1.0, 0.0, 3.0, 0.0, 22.0, 0.0, 6.0, 0.0, 14.0, 0.0, 2.0, 0.0, 14.0, 0.0, 0.0, 8.0, 0.0, 21.0, 0.0, 1.0, 0.0, -294.0, 0.0, 23.0, 6.0, 0.0, 1.0, 0.0, 30.0, 0.0, 10.0, 0.0, 18.0, 0.0, 26.0, 0.0, 4.0, 0.0, 22.0, 0.0, 4.0, 14.0, 0.0, 4.0, 0.0, 22.0, 0.0, 19.0, 0.0, 3.0, 0.0, 22.0, 0.0, 20.0, 0.0, 2.0, 0.0]",121.0,2.292929292929293,44.25209063719675,10.5,[],0.0,0.0,0.0,0.0,1.2472191289246473,6.666666666666667,7.0,7,10,0,10,0,-42,-42,-42,-42,-42,-42,-42,-42,-42,-42,1667303174.0,1667303248.0,1667303310.0,294.0,0.0,0.0,0.0,0.0,100,100.0,1
B,100,60,40,0.6,0.4,115.0,35.185224171518364,83.5,17.5,"[0.0, 0.0, 10.0, 0.0, 0.0, 10.0, 0.0, 0.0, 10.0, 0.0, 0.0, 10.0, 0.0, 0.0, 10.0, 0.0, 0.0, 10.0, 0.0, 0.0, 10.0, 0.0, 0.0, 10.0, 0.0, 0.0, 10.0, 0.0, 0.0, 10.0, 0.0, 0.0, 10.0, 0.0, 0.0, 10.0, 0.0, 0.0, 10.0, 0.0, 0.0, 10.0, 0.0, 0.0, 10.0, 0.0, 0.0, 10.0, 0.0, 0.0, 10.0, 0.0, 0.0, 10.0, 0.0, 0.0, 10.0, 0.0, 0.0]",10.0,3.2203389830508473,4.672558899013635,10.0,"[0.0, 10.0, 0.0, 10.0, 0.0, 10.0, 0.0, 10.0, 0.0, 10.0, 0.0, 10.0, 0.0, 10.0, 0.0, 10.0, 0.0, 10.0, 0.0, 10.0, 0.0, 10.0, 0.0, 10.0, 0.0, 10.0, 0.0, 10.0, 0.0, 10.0, 0.0, 10.0, 0.0, 10.0, 0.0, 10.0, 0.0, 10.0, 0.0]",10.0,4.871794871794871,4.9983560742610065,10.0,1.0954451150103321,4.0,4.0,5,6,4,6,4,-132,-147,66,101,-66,-132,-147,66,101,-66,1667303454.5,1667303502.0,1667303549.5,190.0,1667303454.5,1667303502.0,1667303549.5,190.0,3,2.857142857142857,21
B,100,100,0,1.0,0.0,42.0,0.0,0.0,0.0,"[120.0, -204.0, 0.0, 16.0, 0.0, 14.0, 0.0, 8.0, 0.0, 0.0, 0.0, 22.0, 0.0, 1.0, 0.0, 21.0, 0.0, 1.0, 0.0, 1.0, 7.0, 0.0, 37.0, 0.0, 0.0, 0.0, 22.0, 0.0, 23.0, 0.0, 1.0, 0.0, 22.0, 0.0, 8.0, 14.0, 0.0, 2.0, 0.0, 20.0, 0.0, 23.0, 0.0, 3.0, 0.0, 20.0, 0.0, -270.0, 0.0, 22.0, 0.0, 0.0, 0.0, 22.0, 0.0, 22.0, 0.0, 1.0, 0.0, 1.0, 44.0, 0.0, 0.0, 0.0, 22.0, 0.0, 23.0, 0.0, 1.0, 0.0, 22.0, 0.0, 8.0, 14.0, 0.0, 2.0, 0.0, 20.0, 0.0, 23.0, 0.0, 3.0, 0.0, 20.0, 0.0, -202.0, 120.0, -194.0, 0.0, 3.0, 0.0, 30.0, 0.0, 7.0, 0.0, 20.0, 0.0, 14.0, 2.0]",120.0,0.020202020202020204,48.80035183636617,14.0,[],0.0,0.0,0.0,0.0,1.2472191289246473,6.666666666666667,7.0,7,10,0,10,0,-42,-42,-42,-42,-42,-42,-42,-42,-42,-42,1667303464.0,1667303532.0,1667303608.0,286.0,0.0,0.0,0.0,0.0,100,100.0,1
B,100,60,40,0.6,0.4,115.0,35.185224171518364,83.8,17.895809565370325,"[0.0, 0.0, 10.0, 0.0, 0.0, 10.0, 0.0, 0.0, 10.0, 0.0, 0.0, 10.0, 0.0, 0.0, 10.0, 0.0, 0.0, 10.0, 0.0, 0.0, 10.0, 0.0, 0.0, 10.0, 0.0, 0.0, 10.0, 0.0, 0.0, 10.0, 0.0, 0.0, 10.0, 0.0, 0.0, 10.0, 0.0, 0.0, 10.0, 0.0, 0.0, 10.0, 0.0, 0.0, 10.0, 0.0, 0.0, 10.0, 0.0, 0.0, 10.0, 0.0, 0.0, 10.0, 0.0, 0.0, 10.0, 0.0, 0.0]",10.0,3.2203389830508473,4.672558899013635,10.0,"[0.0, 10.0, 0.0, 10.0, 0.0, 10.0, 0.0, 10.0, 0.0, 10.0, 0.0, 10.0, 0.0, 10.0, 0.0, 10.0, 0.0, 10.0, 0.0, 10.0, 0.0, 10.0, 0.0, 10.0, 0.0, 10.0, 0.0, 10.0, 0.0, 10.0, 0.0, 10.0, 0.0, 10.0, 0.0, 10.0, 0.0, 10.0, 0.0]",10.0,4.871794871794871,4.9983560742610065,10.0,1.0954451150103321,4.0,4.0,5,6,4,6,4,-132,-147,66,101,-66,-132,-147,66,113,-66,1667303754.5,1667303802.0,1667303849.5,190.0,1667303754.5,1667303802.0,1667303849.5,190.0,3,2.857142857142857,21
B,100,100,0,1.0,0.0,42.0,0.0,0.0,0.0,"[120.0, 120.0, -256.0, 0.0, 2.0, 0.0, 14.0, 6.0, 0.0, 23.0, 0.0, 3.0, 0.0, 20.0, 0.0, 22.0, 0.0, 2.0, 0.0, 15.0, 0.0, 7.0, 0.0, 17.0, 0.0, 5.0, 2.0, 0.0, 6.0, 0.0, 18.0, 0.0, 10.0, 0.0, 3.0, 0.0, 12.0, 0.0, 19.0, 0.0, 4.0, 0.0, 3.0, 0.0, 21.0, 0.0, 9.0, 0.0, 11.0, 0.0, 2.0, 2.0, 0.0, 15.0, 0.0, 7.0, 0.0, -280.0, 0.0, 2.0, 0.0, 14.0, 6.0, 0.0, 23.0, 0.0, 3.0, 0.0, 20.0, 0.0, 22.0, 0.0, 2.0, 0.0, 22.0, 0.0, 17.0, 0.0, 5.0, 2.0, 0.0, 24.0, 0.0, 10.0, 0.0, 15.0, 0.0, 23.0, 0.0, 3.0, 0.0, 21.0, 0.0, 20.0, 0.0, 2.0, 2.0, 0.0, 22.0]",120.0,2.6666666666666665,42.811071918230205,11.5,[],0.0,0.0,0.0,0.0,1.2472191289246473,6.666666666666667,7.0,7,10,0,10,0,-42,-42,-42,-42,-42,-42,-42,-42,-42,-42,1667303780.0,1667303850.0,1667303925.0,280.0,0.0,0.0,0.0,0.0,100,100.0,1
B,100,60,40,0.6,0.4,115.0,35.185224171518364,83.5,17.5,"[0.0, 0.0, 10.0, 0.0, 0.0, 10.0, 0.0, 0.0, 10.0, 0.0, 0.0, 10.0, 0.0, 0.0, 10.0, 0.0, 0.0, 10.0, 0.0, 0.0, 10.0, 0.0, 0.0, 10.0, 0.0, 0.0, 10.0, 0.0, 0.0, 10.0, 0.0, 0.0, 10.0, 0.0, 0.0, 10.0, 0.0, 0.0, 10.0, 0.0, 0.0, 10.0, 0.0, 0.0, 10.0, 0.0, 0.0, 10.0, 0.0, 0.0, 10.0, 0.0, 0.0, 10.0, 0.0, 0.0, 10.0, 0.0, 0.0]",10.0,3.2203389830508473,4.672558899013635,10.0,"[0.0, 10.0, 0.0, 10.0, 0.0, 10.0, 0.0, 10.0, 0.0, 10.0, 0.0, 10.0, 0.0, 10.0, 0.0, 10.0, 0.0, 10.0, 0.0, 10.0, 0.0, 10.0, 0.0, 10.0, 0.0, 10.0, 0.0, 10.0, 0.0, 10.0, 0.0, 10.0, 0.0, 10.0, 0.0, 10.0, 0.0, 10.0, 0.0]",10.0,4.871794871794871,4.9983560742610065,10.0,1.0954451150103321,4.0,4.0,5,6,4,6,4,-132,-147,66,101,-66,-132,-147,66,101,-66,1667304054.5,1667304102.0,1667304149.5,190.0,1667304054.5,1667304102.0,1667304149.5,190.0,3,2.857142857142857,21
B,100,100,0,1.0,0.0,53.02,42.53069009550632,0.0,0.0,"[118.0, 0.0, 3.0, -202.0, 0.0, 9.0, 0.0, 1.0, 0.0, 24.0, 0.0, 7.0, 0.0, 5.0, 0.0, 11.0, 0.0, 20.0, 0.0, 2.0, 0.0, 2.0, 0.0, 0.0, 37.0, 0.0, 5.0, 0.0, 2.0, 0.0, 25.0, 0.0, 4.0, 4.0, 0.0, 18.0, 0.0, 22.0, 0.0, 1.0, 0.0, 3.0, 1.0, 0.0, 20.0, 0.0, 6.0, 0.0, 9.0, 0.0, 18.0, 0.0, 22.0, 0.0, 5.0, 0.0, -283.0, 0.0, 10.0, 0.0, 24.0, 0.0, 7.0, 0.0, 16.0, 0.0, 22.0, 0.0, 2.0, 0.0, 0.0, 37.0, 0.0, 5.0, 0.0, 27.0, 0.0, 8.0, 0.0, 18.0, 0.0, 22.0, 0.0, 1.0, 0.0, 3.0, 1.0, 0.0, 26.0, 0.0, 9.0, 0.0, 18.0, 0.0, 22.0, 0.0, 5.0, 0.0, -202.0]",118.0,0.0,43.482261563850045,8.5,[],0.0,0.0,0.0,0.0,1.2472191289246473,6.666666666666667,7.0,7,10,0,10,0,-42,-221,-221,-42,-42,-42,-42,-42,-42,-42,1667304084.0,1667304157.0,1667304210.0,283.0,0.0,0.0,0.0,0.0,100,100.0,1
B,100,0,11,0.0,0.11,0.0,0.0,201.0,0.0,[],0.0,0.0,0.0,0.0,"[0.0, 0.0, 0.0, 0.0, 0.0, 0.0, 0.0, 0.0, 0.0, 0.0]",0.0,0.0,0.0,0.0,0.0,0.0,0.0,0,0,10,0,0,201,201,201,201,201,201,201,201,201,201,0.0,0.0,0.0,0.0,1667304206.0,1667304206.0,1667304206.0,0.0,0,0.0,0
B,100,60,40,0.6,0.4,115.0,35.185224171518364,83.8,17.895809565370325,"[0.0, 0.0, 10.0, 0.0, 0.0, 10.0, 0.0, 0.0, 10.0, 0.0, 0.0, 10.0, 0.0, 0.0, 10.0, 0.0, 0.0, 10.0, 0.0, 0.0, 10.0, 0.0, 0.0, 10.0, 0.0, 0.0, 10.0, 0.0, 0.0, 10.0, 0.0, 0.0, 10.0, 0.0, 0.0, 10.0, 0.0, 0.0, 10.0, 0.0, 0.0, 10.0, 0.0, 0.0, 10.0, 0.0, 0.0, 10.0, 0.0, 0.0, 10.0, 0.0, 0.0, 10.0, 0.0, 0.0, 10.0, 0.0, 0.0]",10.0,3.2203389830508473,4.672558899013635,10.0,"[0.0, 10.0, 0.0, 10.0, 0.0, 10.0, 0.0, 10.0, 0.0, 10.0, 0.0, 10.0, 0.0, 10.0, 0.0, 10.0, 0.0, 10.0, 0.0, 10.0, 0.0, 10.0, 0.0, 10.0, 0.0, 10.0, 0.0, 10.0, 0.0, 10.0, 0.0, 10.0, 0.0, 10.0, 0.0, 10.0, 0.0, 10.0, 0.0]",10.0,4.871794871794871,4.9983560742610065,10.0,1.0954451150103321,4.0,4.0,5,6,4,6,4,-132,-147,66,101,-66,-132,-147,66,101,-66,1667304355.5,1667304403.0,1667304450.5,190.0,1667304355.5,1667304403.0,1667304450.5,190.0,3,2.857142857142857,21
B,100,100,0,1.0,0.0,42.28,2.7859648238985355,0.0,0.0,"[120.0, 105.0, 15.0, -253.0, 0.0, 9.0, 0.0, 4.0, 1.0, 0.0, 13.0, 0.0, 22.0, 0.0, 5.0, 0.0, 26.0, 0.0, 9.0, 0.0, 38.0, 0.0, 2.0, 0.0, 4.0, 5.0, 0.0, 23.0, 0.0, 13.0, 0.0, 19.0, 0.0, 29.0, 0.0, 5.0, 0.0, 26.0, 6.0, 0.0, 10.0, 0.0, -269.0, 0.0, 9.0, 0.0, 4.0, 14.0, 0.0, 22.0, 0.0, 5.0, 0.0, 26.0, 0.0, 9.0, 0.0, 38.0, 0.0, 2.0, 0.0, 4.0, 28.0, 0.0, 13.0, 0.0, 19.0, 0.0, 29.0, 0.0, 5.0, 0.0, 26.0, 6.0, 0.0, 10.0, 0.0, -256.0, 120.0, 120.0, -248.0, 0.0, 3.0, 0.0, 5.0, 30.0, 0.0, 17.0, 0.0, 18.0, 0.0, 32.0, 0.0, 18.0, 0.0, 5.0, 4.0, 0.0, 28.0]",120.0,1.5353535353535352,58.00736858997827,14.5,[],0.0,0.0,0.0,0.0,1.2472191289246473,6.666666666666667,7.0,7,10,0,10,0,-42,-42,-70,-42,-42,-42,-42,-42,-42,-42,1667304363.5,1667304443.0,1667304494.75,269.0,0.0,0.0,0.0,0.0,100,100.0,1
B,100,60,40,0.6,0.4,115.0,35.185224171518364,83.5,17.5,"[0.0, 0.0, 10.0, 0.0, 0.0, 10.0, 0.0, 0.0, 10.0, 0.0, 0.0, 10.0, 0.0, 0.0, 10.0, 0.0, 0.0, 10.0, 0.0, 0.0, 10.0, 0.0, 0.0, 10.0, 0.0, 0.0, 10.0, 0.0, 0.0, 10.0, 0.0, 0.0, 10.0, 0.0, 0.0, 10.0, 0.0, 0.0, 10.0, 0.0, 0.0, 10.0, 0.0, 0.0, 10.0, 0.0, 0.0, 10.0, 0.0, 0.0, 10.0, 0.0, 0.0, 10.0, 0.0, 0.0, 10.0, 0.0, 0.0]",10.0,3.2203389830508473,4.672558899013635,10.0,"[0.0, 10.0, 0.0, 10.0, 0.0, 10.0, 0.0, 10.0, 0.0, 10.0, 0.0, 10.0, 0.0, 10.0, 0.0, 10.0, 0.0, 10.0, 0.0, 10.0, 0.0, 10.0, 0.0, 10.0, 0.0, 10.0, 0.0, 10.0, 0.0, 10.0, 0.0, 10.0, 0.0, 10.0, 0.0, 10.0, 0.0, 10.0, 0.0]",10.0,4.871794871794871,4.9983560742610065,10.0,1.0954451150103321,4.0,4.0,5,6,4,6,4,-132,-147,66,101,-66,-132,-147,66,101,-66,1667304655.5,1667304703.0,1667304750.5,190.0,1667304655.5,1667304703.0,1667304750.5,190.0,3,2.857142857142857,21
B,100,100,0,1.0,0.0,42.56,3.919999999999999,0.0,0.0,"[120.0, -202.0, 0.0, 25.0, 0.0, 9.0, 0.0, 4.0, 0.0, 28.0, 0.0, 6.0, 0.0, 10.0, 18.0, 0.0, 19.0, 0.0, 21.0, 0.0, 24.0, 0.0, 16.0, 0.0, 22.0, 5.0, 0.0, 2.0, 0.0, 11.0, 0.0, 34.0, 0.0, 6.0, 0.0, 14.0, 0.0, -274.0, 0.0, 25.0, 0.0, 9.0, 0.0, 32.0, 0.0, 6.0, 0.0, 10.0, 18.0, 0.0, 19.0, 0.0, 21.0, 0.0, 24.0, 0.0, 16.0, 0.0, 22.0, 7.0, 0.0, 11.0, 0.0, 34.0, 0.0, 6.0, 0.0, -178.0, 120.0, 8.0, -215.0, 0.0, 27.0, 0.0, 19.0, 0.0, 9.0, 0.0, 22.0, 0.0, 6.0, 4.0, 10.0, 0.0, 7.0, 0.0, 44.0, 0.0, 6.0, 0.0, 43.0, 0.0, 6.0, 0.0, 4.0, 39.0, 0.0, 7.0, 0.0]",120.0,1.6767676767676767,49.33555037664248,16.0,[],0.0,0.0,0.0,0.0,1.2472191289246473,6.666666666666667,7.0,7,10,0,10,0,-42,-42,-42,-42,-42,-42,-42,-42,-42,-42,1667304673.0,1667304736.5,1667304810.25,279.0,0.0,0.0,0.0,0.0,100,100.0,1
B,100,60,40,0.6,0.4,115.0,35.185224171518364,83.8,17.895809565370325,"[0.0, 0.0, 10.0, 0.0, 0.0, 10.0, 0.0, 0.0, 10.0, 0.0, 0.0, 10.0, 0.0, 0.0, 10.0, 0.0, 0.0, 10.0, 0.0, 0.0, 10.0, 0.0, 0.0, 10.0, 0.0, 0.0, 10.0, 0.0, 0.0, 10.0, 0.0, 0.0, 10.0, 0.0, 0.0, 10.0, 0.0, 0.0, 10.0, 0.0, 0.0, 10.0, 0.0, 0.0, 10.0, 0.0, 0.0, 10.0, 0.0, 0.0, 10.0, 0.0, 0.0, 10.0, 0.0, 0.0, 10.0, 0.0, 0.0]",10.0,3.2203389830508473,4.672558899013635,10.0,"[0.0, 10.0, 0.0, 10.0, 0.0, 10.0, 0.0, 10.0, 0.0, 10.0, 0.0, 10.0, 0.0, 10.0, 0.0, 10.0, 0.0, 10.0, 0.0, 10.0, 0.0, 10.0, 0.0, 10.0, 0.0, 10.0, 0.0, 10.0, 0.0, 10.0, 0.0, 10.0, 0.0, 10.0, 0.0, 10.0, 0.0, 10.0, 0.0]",10.0,4.871794871794871,4.9983560742610065,10.0,1.0954451150103321,4.0,4.0,5,6,4,6,4,-132,-147,66,101,-66,-132,-147,66,101,-66,1667304955.5,1667305003.0,1667305050.5,190.0,1667304955.5,1667305003.0,1667305050.5,190.0,3,2.857142857142857,21
B,100,100,0,1.0,0.0,42.0,0.0,0.0,0.0,"[120.0, 120.0, -263.0, 0.0, 1.0, 0.0, 22.0, 18.0, 0.0, 4.0, 0.0, 36.0, 0.0, 9.0, 0.0, 31.0, 0.0, 13.0, 0.0, 1.0, 0.0, 8.0, 0.0, 0.0, 15.0, 0.0, 2.0, 0.0, 7.0, 0.0, 17.0, 0.0, 0.0, 0.0, 7.0, 0.0, 18.0, 0.0, 4.0, 0.0, 3.0, 0.0, 17.0, 0.0, 2.0, 0.0, 17.0, 0.0, 6.0, 0.0, 1.0, 0.0, 4.0, 20.0, 0.0, 0.0, 0.0, 0.0, 0.0, -283.0, 0.0, 1.0, 0.0, 22.0, 18.0, 0.0, 4.0, 0.0, 36.0, 0.0, 9.0, 0.0, 31.0, 0.0, 14.0, 0.0, 8.0, 0.0, 0.0, 17.0, 0.0, 7.0, 0.0, 17.0, 0.0, 7.0, 0.0, 18.0, 0.0, 4.0, 0.0, 20.0, 0.0, 2.0, 0.0, 23.0, 0.0, 1.0, 0.0]",120.0,2.3838383838383836,43.60815118659898,8.5,[],0.0,0.0,0.0,0.0,1.2472191289246473,6.666666666666667,7.0,7,10,0,10,0,-42,-42,-42,-42,-42,-42,-42,-42,-42,-42,1667304996.0,1667305069.5,1667305139.0,283.0,0.0,0.0,0.0,0.0,100,100.0,1
B,100,60,40,0.6,0.4,115.0,35.185224171518364,83.5,17.5,"[0.0, 0.0, 10.0, 0.0, 0.0, 10.0, 0.0, 0.0, 10.0, 0.0, 0.0, 10.0, 0.0, 0.0, 10.0, 0.0, 0.0, 10.0, 0.0, 0.0, 10.0, 0.0, 0.0, 10.0, 0.0, 0.0, 10.0, 0.0, 0.0, 10.0, 0.0, 0.0, 10.0, 0.0, 0.0, 10.0, 0.0, 0.0, 10.0, 0.0, 0.0, 10.0, 0.0, 0.0, 10.0, 0.0, 0.0, 10.0, 0.0, 0.0, 10.0, 0.0, 0.0, 10.0, 0.0, 1.0, 10.0, 0.0, 0.0]",10.0,3.23728813559322,4.662649945063238,10.0,"[0.0, 10.0, 0.0, 10.0, 0.0, 10.0, 0.0, 10.0, 0.0, 10.0, 0.0, 10.0, 0.0, 10.0, 0.0, 10.0, 0.0, 10.0, 0.0, 10.0, 0.0, 10.0, 0.0, 10.0, 0.0, 10.0, 0.0, 10.0, 0.0, 10.0, 0.0, 10.0, 0.0, 10.0, 0.0, 11.0, 0.0, 10.0, 0.0]",11.0,4.897435897435898,5.027079856827073,10.0,1.0954451150103321,4.0,4.0,5,6,4,6,4,-132,-147,66,101,-66,-132,-147,66,101,-66,1667305255.5,1667305303.0,1667305350.5,191.0,1667305255.5,1667305303.0,1667305350.5,191.0,3,2.857142857142857,21
B,100,100,0,1.0,0.0,42.28,2.7859648238985355,0.0,0.0,"[120.0, -198.0, 0.0, 2.0, 0.0, 7.0, 0.0, 15.0, 0.0, 3.0, 0.0, 19.0, 0.0, 2.0, 0.0, 3.0, 0.0, 21.0, 0.0, 4.0, 0.0, 1.0, 0.0, 1.0, 16.0, 0.0, 6.0, 0.0, 21.0, 0.0, 9.0, 0.0, 22.0, 0.0, 5.0, 0.0, 9.0, 0.0, 32.0, 4.0, 0.0, 1.0, 0.0, 35.0, 0.0, 16.0, 0.0, 20.0, 0.0, -274.0, 0.0, 2.0, 0.0, 22.0, 0.0, 3.0, 0.0, 21.0, 0.0, 3.0, 0.0, 21.0, 0.0, 4.0, 0.0, 2.0, 16.0, 0.0, 6.0, 0.0, 30.0, 0.0, 0.0, 22.0, 0.0, 14.0, 0.0, 32.0, 4.0, 0.0, 1.0, 0.0, 35.0, 0.0, 16.0, 0.0, 20.0, 0.0, -196.0, 120.0, -208.0, 0.0, 28.0, 0.0, 10.0, 0.0, 34.0, 0.0, 5.0]",120.0,-0.1111111111111111,49.07958675599429,12.0,[],0.0,0.0,0.0,0.0,1.2472191289246473,6.666666666666667,7.0,7,10,0,10,0,-42,-42,-42,-42,-42,-42,-42,-42,-42,-42,1667305257.0,1667305289.0,1667305377.0,284.0,0.0,0.0,0.0,0.0,100,100.0,1
B,100,60,40,0.6,0.4,115.0,35.185224171518364,83.8,17.895809565370325,"[0.0, 0.0, 10.0, 0.0, 0.0, 10.0, 0.0, 0.0, 10.0, 0.0, 0.0, 10.0, 0.0, 0.0, 10.0, 0.0, 0.0, 10.0, 0.0, 0.0, 10.0, 0.0, 0.0, 10.0, 0.0, 0.0, 10.0, 0.0, 0.0, 10.0, 0.0, 0.0, 10.0, 0.0, 0.0, 10.0, 0.0, 0.0, 10.0, 0.0, 0.0, 10.0, 0.0, 0.0, 10.0, 0.0, 0.0, 10.0, 0.0, 0.0, 10.0, 0.0, 0.0, 10.0, 0.0, 0.0, 10.0, 0.0, 0.0]",10.0,3.2203389830508473,4.672558899013635,10.0,"[0.0, 10.0, 0.0, 10.0, 0.0, 10.0, 0.0, 10.0, 0.0, 10.0, 0.0, 10.0, 0.0, 10.0, 0.0, 10.0, 0.0, 10.0, 0.0, 10.0, 0.0, 10.0, 0.0, 10.0, 0.0, 10.0, 0.0, 10.0, 0.0, 10.0, 0.0, 10.0, 0.0, 10.0, 0.0, 10.0, 0.0, 10.0, 0.0]",10.0,4.871794871794871,4.9983560742610065,10.0,1.0954451150103321,4.0,4.0,5,6,4,6,4,-132,-147,66,101,-66,-132,-147,66,101,-66,1667305556.5,1667305604.0,1667305651.5,190.0,1667305556.5,1667305604.0,1667305651.5,190.0,3,2.857142857142857,21
B,100,100,0,1.0,0.0,43.4,6.102458520956944,0.0,0.0,"[74.0, 46.0, 121.0, -254.0, 0.0, 5.0, 0.0, 7.0, 0.0, 1.0, 28.0, 0.0, 8.0, 0.0, 2.0, 0.0, 27.0, 0.0, 9.0, 16.0, 0.0, 11.0, 0.0, 19.0, 9.0, 0.0, 5.0, 0.0, 7.0, 0.0, 27.0, 0.0, 24.0, 0.0, 4.0, 0.0, 6.0, 0.0, 30.0, 0.0, 7.0, 0.0, 2.0, 2.0, 0.0, -256.0, 0.0, 5.0, 0.0, 8.0, 28.0, 0.0, 10.0, 0.0, 27.0, 0.0, 9.0, 16.0, 0.0, 11.0, 0.0, 19.0, 14.0, 0.0, 7.0, 0.0, 27.0, 0.0, 24.0, 0.0, 10.0, 0.0, 37.0, 0.0, 2.0, 2.0, 0.0, -243.0, 74.0, 46.0, 121.0, -248.0, 0.0, 4.0, 0.0, 3.0, 42.0, 0.0, 5.0, 0.0, 27.0, 17.0, 0.0, 10.0, 0.0, 15.0, 0.0, 4.0, 14.0]",121.0,1.3535353535353536,55.84526116486503,14.0,[],0.0,0.0,0.0,0.0,1.2472191289246473,6.666666666666667,7.0,7,10,0,10,0,-42,-70,-42,-42,-42,-42,-42,-42,-42,-42,1667305566.5,1667305630.0,1667305697.0,256.0,0.0,0.0,0.0,0.0,100,100.0,1
B,100,60,40,0.6,0.4,115.0,35.185224171518364,83.5,17.5,"[0.0, 0.0, 10.0, 0.0, 0.0, 10.0, 0.0, 0.0, 10.0, 0.0, 0.0, 10.0, 0.0, 0.0, 10.0, 0.0, 0.0, 10.0, 0.0, 0.0, 10.0, 0.0, 0.0, 10.0, 0.0, 0.0, 10.0, 0.0, 0.0, 10.0, 0.0, 0.0, 10.0, 0.0, 0.0, 10.0, 0.0, 0.0, 10.0, 0.0, 0.0, 10.0, 0.0, 0.0, 10.0, 0.0, 0.0, 10.0, 0.0, 0.0, 10.0, 0.0, 0.0, 10.0, 0.0, 0.0, 10.0, 0.0, 0.0]",10.0,3.2203389830508473,4.672558899013635,10.0,"[0.0, 10.0, 0.0, 10.0, 0.0, 10.0, 0.0, 10.0, 0.0, 10.0, 0.0, 10.0, 0.0, 10.0, 0.0, 10.0, 0.0, 10.0, 0.0, 10.0, 0.0, 10.0, 0.0, 10.0, 0.0, 10.0, 0.0, 10.0, 0.0, 10.0, 0.0, 10.0, 0.0, 10.0, 0.0, 10.0, 0.0, 10.0, 0.0]",10.0,4.871794871794871,4.9983560742610065,10.0,1.0954451150103321,4.0,4.0,5,6,4,6,4,-132,-147,66,101,-66,-132,-147,66,101,-66,1667305856.5,1667305904.0,1667305951.5,190.0,1667305856.5,1667305904.0,1667305951.5,190.0,3,2.857142857142857,21
B,100,100,0,1.0,0.0,42.0,0.0,0.0,0.0,"[120.0, -208.0, 0.0, 22.0, 0.0, 12.0, 0.0, 36.0, 0.0, 3.0, 0.0, 15.0, 16.0, 0.0, 9.0, 0.0, 11.0, 0.0, 16.0, 0.0, 32.0, 0.0, 3.0, 0.0, 27.0, 0.0, 6.0, 18.0, 0.0, 8.0, 0.0, 5.0, 0.0, 27.0, 0.0, 9.0, 0.0, 3.0, 0.0, 18.0, 0.0, -296.0, 0.0, 22.0, 0.0, 12.0, 0.0, 36.0, 0.0, 3.0, 0.0, 15.0, 16.0, 0.0, 20.0, 0.0, 16.0, 0.0, 32.0, 0.0, 3.0, 0.0, 27.0, 0.0, 6.0, 18.0, 0.0, 8.0, 0.0, 32.0, 0.0, 12.0, 0.0, 18.0, 0.0, -208.0, 120.0, -193.0, 0.0, 12.0, 0.0, 13.0, 0.0, 24.0, 0.0, 1.0, 0.0, 23.0, 1.0, 0.0, 9.0, 0.0, 15.0, 0.0, 29.0, 0.0, 14.0, 0.0, 30.0]",120.0,0.98989898989899,50.92408589491048,15.5,[],0.0,0.0,0.0,0.0,1.2472191289246473,6.666666666666667,7.0,7,10,0,10,0,-42,-42,-42,-42,-42,-42,-42,-42,-42,-42,1667305872.0,1667305926.0,1667306010.0,296.0,0.0,0.0,0.0,0.0,100,100.0,1
B,100,60,40,0.6,0.4,116.35,34.831415417694416,84.1,17.694349380522585,"[0.0, 0.0, 10.0, 0.0, 0.0, 10.0, 0.0, 0.0, 10.0, 0.0, 0.0, 10.0, 0.0, 0.0, 10.0, 0.0, 0.0, 10.0, 0.0, 0.0, 10.0, 0.0, 0.0, 10.0, 0.0, 0.0, 10.0, 0.0, 0.0, 10.0, 0.0, 0.0, 10.0, 0.0, 0.0, 10.0, 0.0, 0.0, 0.0, 10.0, 0.0, 0.0, 10.0, 0.0, 0.0, 10.0, 0.0, 0.0, 10.0, 0.0, 0.0, 10.0, 0.0, 0.0, 10.0, 0.0, 0.0, 10.0, 0.0]",10.0,3.2203389830508473,4.672558899013634,10.0,"[0.0, 10.0, 0.0, 10.0, 0.0, 10.0, 0.0, 10.0, 0.0, 10.0, 0.0, 10.0, 0.0, 10.0, 0.0, 10.0, 0.0, 10.0, 0.0, 10.0, 0.0, 10.0, 0.0, 10.0, 0.0, 10.0, 0.0, 10.0, 0.0, 10.0, 0.0, 10.0, 0.0, 10.0, 0.0, 10.0, 0.0, 10.0, 0.0]",10.0,4.871794871794871,4.9983560742610065,10.0,1.3165611772087666,4.0,4.0,5,6,4,6,4,-132,-147,66,101,-66,-132,-147,66,101,-66,1667306156.5,1667306204.0,1667306249.0,190.0,1667306156.5,1667306204.0,1667306251.5,190.0,4,3.0,20
B,100,100,0,1.0,0.0,42.0,0.0,0.0,0.0,"[120.0, 120.0, -240.0, 0.0, 0.0, 1.0, 0.0, 13.0, 0.0, 18.0, 0.0, 13.0, 0.0, 7.0, 0.0, 10.0, 0.0, 32.0, 0.0, 9.0, 0.0, 17.0, 12.0, 0.0, 4.0, 0.0, 33.0, 0.0, 3.0, 0.0, 10.0, 0.0, 20.0, 0.0, 10.0, 0.0, 22.0, 0.0, 6.0, 12.0, 0.0, 15.0, 0.0, -267.0, 0.0, 0.0, 1.0, 0.0, 31.0, 0.0, 20.0, 0.0, 10.0, 0.0, 32.0, 0.0, 9.0, 0.0, 17.0, 12.0, 0.0, 4.0, 0.0, 33.0, 0.0, 3.0, 0.0, 30.0, 0.0, 10.0, 0.0, 22.0, 0.0, 6.0, 12.0, 0.0, 15.0, 0.0, -267.0, 120.0, 120.0, -250.0, 0.0, 10.0, 2.0, 0.0, 32.0, 0.0, 11.0, 0.0, 33.0, 0.0, 10.0, 0.0, 32.0, 2.0, 0.0, 6.0, 0.0]",120.0,1.292929292929293,58.13346756400483,12.0,[],0.0,0.0,0.0,0.0,1.2472191289246473,6.666666666666667,7.0,7,10,0,10,0,-42,-42,-42,-42,-42,-42,-42,-42,-42,-42,1667306172.25,1667306250.0,1667306312.0,277.0,0.0,0.0,0.0,0.0,100,100.0,1
B,100,60,40,0.6,0.4,115.0,35.185224171518364,83.5,17.5,"[0.0, 0.0, 10.0, 0.0, 0.0, 10.0, 0.0, 0.0, 10.0, 0.0, 0.0, 10.0, 0.0, 0.0, 10.0, 0.0, 0.0, 10.0, 0.0, 0.0, 10.0, 0.0, 0.0, 10.0, 0.0, 0.0, 10.0, 0.0, 0.0, 10.0, 0.0, 0.0, 10.0, 0.0, 0.0, 10.0, 0.0, 0.0, 10.0, 0.0, 0.0, 10.0, 0.0, 0.0, 10.0, 0.0, 0.0, 10.0, 0.0, 0.0, 11.0, 0.0, 0.0, 10.0, 0.0, 0.0, 10.0, 0.0, 0.0]",11.0,3.23728813559322,4.698860240637688,10.0,"[0.0, 10.0, 0.0, 10.0, 0.0, 10.0, 0.0, 10.0, 0.0, 10.0, 0.0, 10.0, 0.0, 10.0, 0.0, 10.0, 0.0, 10.0, 0.0, 10.0, 0.0, 10.0, 0.0, 10.0, 0.0, 10.0, 0.0, 10.0, 0.0, 10.0, 0.0, 10.0, 0.0, 11.0, 0.0, 10.0, 0.0, 10.0, 0.0]",11.0,4.897435897435898,5.027079856827073,10.0,1.0954451150103321,4.0,4.0,5,6,4,6,4,-132,-147,66,101,-66,-132,-147,66,101,-66,1667306456.5,1667306504.0,1667306551.5,191.0,1667306456.5,1667306504.0,1667306551.5,191.0,3,2.857142857142857,21
B,100,100,0,1.0,0.0,42.0,0.0,0.0,0.0,"[120.0, -188.0, 0.0, 8.0, 0.0, 32.0, 0.0, 1.0, 0.0, 27.0, 5.0, 0.0, 7.0, 0.0, 2.0, 0.0, 28.0, 0.0, 8.0, 0.0, 29.0, 0.0, 3.0, 0.0, 25.0, 0.0, 7.0, 0.0, 4.0, 0.0, 2.0, 28.0, 0.0, 9.0, 0.0, 23.0, 0.0, 16.0, 0.0, -264.0, 0.0, 8.0, 0.0, 32.0, 0.0, 1.0, 0.0, 27.0, 5.0, 0.0, 7.0, 0.0, 30.0, 0.0, 8.0, 0.0, 29.0, 0.0, 3.0, 0.0, 32.0, 0.0, 4.0, 0.0, 2.0, 28.0, 0.0, 9.0, 0.0, 23.0, 0.0, 16.0, 0.0, -196.0, 120.0, -204.0, 0.0, 7.0, 0.0, 32.0, 0.0, 7.0, 0.0, 31.0, 0.0, 7.0, 1.0, 0.0, 31.0, 0.0, 8.0, 0.0, 19.0, 0.0, 5.0, 0.0, 23.0, 0.0, 2.0]",120.0,0.898989898989899,48.22160439359964,8.5,[],0.0,0.0,0.0,0.0,1.2472191289246473,6.666666666666667,7.0,7,10,0,10,0,-42,-42,-42,-42,-42,-42,-42,-42,-42,-42,1667306483.0,1667306532.0,1667306604.0,280.0,0.0,0.0,0.0,0.0,100,100.0,1
B,100,60,40,0.6,0.4,115.0,35.185224171518364,83.8,17.895809565370325,"[0.0, 0.0, 10.0, 0.0, 0.0, 10.0, 0.0, 0.0, 10.0, 0.0, 0.0, 10.0, 0.0, 0.0, 10.0, 0.0, 0.0, 10.0, 0.0, 0.0, 10.0, 0.0, 0.0, 10.0, 0.0, 0.0, 10.0, 0.0, 0.0, 10.0, 0.0, 0.0, 10.0, 0.0, 0.0, 10.0, 0.0, 0.0, 10.0, 0.0, 0.0, 10.0, 0.0, 0.0, 10.0, 0.0, 0.0, 10.0, 0.0, 0.0, 10.0, 0.0, 0.0, 10.0, 0.0, 0.0, 10.0, 0.0, 0.0]",10.0,3.2203389830508473,4.672558899013635,10.0,"[0.0, 10.0, 0.0, 10.0, 0.0, 10.0, 0.0, 10.0, 0.0, 10.0, 0.0, 10.0, 0.0, 10.0, 0.0, 10.0, 0.0, 10.0, 0.0, 10.0, 0.0, 10.0, 0.0, 10.0, 0.0, 10.0, 0.0, 10.0, 0.0, 10.0, 0.0, 10.0, 0.0, 10.0, 0.0, 10.0, 0.0, 10.0, 0.0]",10.0,4.871794871794871,4.9983560742610065,10.0,1.0954451150103321,4.0,4.0,5,6,4,6,4,-132,-147,66,101,-66,-132,-147,66,101,-66,1667306747.5,1667306795.0,1667306842.5,190.0,1667306747.5,1667306795.0,1667306842.5,190.0,3,2.857142857142857,21
B,100,100,0,1.0,0.0,42.0,0.0,0.0,0.0,"[120.0, 120.0, -268.0, 0.0, 23.0, 0.0, 5.0, 6.0, 0.0, 21.0, 0.0, 7.0, 0.0, 4.0, 0.0, 32.0, 0.0, 2.0, 0.0, 40.0, 0.0, 6.0, 0.0, 2.0, 32.0, 0.0, 16.0, 0.0, 25.0, 0.0, 23.0, 0.0, 18.0, 0.0, 6.0, 26.0, 0.0, -294.0, 0.0, 23.0, 0.0, 5.0, 6.0, 0.0, 28.0, 0.0, 4.0, 0.0, 32.0, 0.0, 2.0, 0.0, 40.0, 0.0, 6.0, 0.0, 2.0, 32.0, 0.0, 16.0, 0.0, 25.0, 0.0, 23.0, 0.0, 18.0, 0.0, 6.0, 26.0, 0.0, -266.0, 120.0, 120.0, -268.0, 0.0, 12.0, 0.0, 13.0, 0.0, 3.0, 12.0, 0.0, 9.0, 0.0, 18.0, 0.0, 6.0, 0.0, 22.0, 0.0, 3.0, 0.0, 24.0, 0.0, 1.0, 0.0, 24.0, 0.0, 1.0]",120.0,1.2121212121212122,61.59582708010565,18.0,[],0.0,0.0,0.0,0.0,1.2472191289246473,6.666666666666667,7.0,7,10,0,10,0,-42,-42,-42,-42,-42,-42,-42,-42,-42,-42,1667306748.75,1667306802.0,1667306882.0,294.0,0.0,0.0,0.0,0.0,100,100.0,1
B,100,60,40,0.6,0.4,115.0,35.185224171518364,83.5,17.5,"[0.0, 0.0, 10.0, 0.0, 0.0, 10.0, 0.0, 0.0, 10.0, 0.0, 0.0, 10.0, 0.0, 0.0, 10.0, 0.0, 0.0, 10.0, 0.0, 0.0, 10.0, 0.0, 0.0, 10.0, 0.0, 0.0, 10.0, 0.0, 0.0, 10.0, 0.0, 0.0, 10.0, 0.0, 0.0, 10.0, 0.0, 0.0, 10.0, 0.0, 0.0, 10.0, 0.0, 0.0, 10.0, 0.0, 0.0, 10.0, 0.0, 0.0, 10.0, 0.0, 0.0, 10.0, 0.0, 0.0, 10.0, 0.0, 0.0]",10.0,3.2203389830508473,4.672558899013635,10.0,"[0.0, 10.0, 0.0, 10.0, 0.0, 10.0, 0.0, 10.0, 0.0, 10.0, 0.0, 10.0, 0.0, 10.0, 0.0, 10.0, 0.0, 10.0, 0.0, 10.0, 0.0, 10.0, 0.0, 10.0, 0.0, 10.0, 0.0, 10.0, 0.0, 10.0, 0.0, 10.0, 0.0, 10.0, 0.0, 10.0, 0.0, 10.0, 0.0]",10.0,4.871794871794871,4.9983560742610065,10.0,1.0954451150103321,4.0,4.0,5,6,4,6,4,-132,-147,66,101,-66,-132,-147,66,101,-66,1667307047.5,1667307095.0,1667307142.5,190.0,1667307047.5,1667307095.0,1667307142.5,190.0,3,2.857142857142857,21
B,100,100,0,1.0,0.0,42.0,0.0,0.0,0.0,"[120.0, -206.0, 0.0, 39.0, 0.0, 2.0, 0.0, 41.0, 0.0, 4.0, 3.0, 0.0, 34.0, 0.0, 14.0, 0.0, 37.0, 0.0, 9.0, 0.0, 23.0, 19.0, 0.0, 2.0, 0.0, 47.0, 0.0, 3.0, 0.0, -277.0, 0.0, 39.0, 0.0, 2.0, 0.0, 41.0, 0.0, 4.0, 3.0, 0.0, 34.0, 0.0, 14.0, 0.0, 37.0, 0.0, 9.0, 0.0, 23.0, 19.0, 0.0, 2.0, 0.0, 47.0, 0.0, 3.0, 0.0, -191.0, 120.0, -190.0, 0.0, 7.0, 0.0, 18.0, 0.0, 24.0, 0.0, 2.0, 0.0, 19.0, 4.0, 0.0, 15.0, 0.0, 10.0, 0.0, 24.0, 0.0, 16.0, 0.0, 4.0, 0.0, 21.0, 0.0, 20.0, 0.0, 4.0, 0.0, 2.0, 14.0, 0.0, 20.0, 0.0, 14.0, 0.0, 6.0, 0.0, 21.0, 0.0]",120.0,1.9696969696969697,49.55202439992129,15.5,[],0.0,0.0,0.0,0.0,1.2472191289246473,6.666666666666667,7.0,7,10,0,10,0,-42,-42,-42,-42,-42,-42,-42,-42,-42,-42,1667307087.0,1667307144.0,1667307225.0,281.0,0.0,0.0,0.0,0.0,100,100.0,1
B,100,60,40,0.6,0.4,115.0,35.185224171518364,83.5,17.5,"[0.0, 0.0, 10.0, 0.0, 0.0, 10.0, 0.0, 0.0, 10.0, 0.0, 0.0, 10.0, 0.0, 0.0, 10.0, 0.0, 0.0, 10.0, 0.0, 0.0, 10.0, 0.0, 0.0, 10.0, 0.0, 0.0, 10.0, 0.0, 0.0, 10.0, 0.0, 0.0, 10.0, 0.0, 0.0, 10.0, 0.0, 0.0, 10.0, 0.0, 0.0, 10.0, 0.0, 0.0, 10.0, 0.0, 0.0, 10.0, 0.0, 0.0, 10.0, 0.0, 0.0, 10.0, 0.0, 0.0, 10.0, 0.0, 0.0]",10.0,3.2203389830508473,4.672558899013635,10.0,"[0.0, 10.0, 0.0, 10.0, 0.0, 10.0, 0.0, 10.0, 0.0, 10.0, 0.0, 10.0, 0.0, 10.0, 0.0, 10.0, 0.0, 10.0, 0.0, 10.0, 0.0, 10.0, 0.0, 10.0, 0.0, 10.0, 0.0, 10.0, 0.0, 10.0, 0.0, 10.0, 0.0, 10.0, 0.0, 10.0, 0.0, 10.0, 0.0]",10.0,4.871794871794871,4.9983560742610065,10.0,1.0954451150103321,4.0,4.0,5,6,4,6,4,-132,-147,66,101,-66,-132,-147,66,101,-66,1667307347.5,1667307395.0,1667307442.5,190.0,1667307347.5,1667307395.0,1667307442.5,190.0,3,2.857142857142857,21
B,100,100,0,1.0,0.0,42.0,0.0,0.0,0.0,"[120.0, 120.0, -248.0, 0.0, 8.0, 2.0, 0.0, 36.0, 0.0, 15.0, 0.0, 28.0, 0.0, 23.0, 0.0, 16.0, 7.0, 0.0, 4.0, 0.0, 6.0, 0.0, 19.0, 0.0, 2.0, 0.0, 9.0, 0.0, 17.0, 0.0, 2.0, 0.0, 12.0, 0.0, 13.0, 0.0, 2.0, 0.0, 21.0, 0.0, 4.0, 0.0, 2.0, 2.0, 0.0, 22.0, 0.0, 0.0, 0.0, -272.0, 0.0, 8.0, 2.0, 0.0, 36.0, 0.0, 15.0, 0.0, 28.0, 0.0, 23.0, 0.0, 16.0, 7.0, 0.0, 4.0, 0.0, 25.0, 0.0, 2.0, 0.0, 26.0, 0.0, 2.0, 0.0, 25.0, 0.0, 2.0, 0.0, 25.0, 0.0, 2.0, 2.0, 0.0, 22.0, 0.0, -264.0, 120.0, 120.0, -265.0, 0.0, 2.0, 0.0, 18.0, 0.0, 5.0, 15.0, 0.0, 12.0]",120.0,0.2727272727272727,59.05532728247953,14.0,[],0.0,0.0,0.0,0.0,1.2472191289246473,6.666666666666667,7.0,7,10,0,10,0,-42,-42,-42,-42,-42,-42,-42,-42,-42,-42,1667307369.0,1667307465.0,1667307542.0,289.0,0.0,0.0,0.0,0.0,100,100.0,1
B,100,60,40,0.6,0.4,115.0,35.185224171518364,83.5,17.5,"[0.0, 0.0, 10.0, 0.0, 0.0, 10.0, 0.0, 0.0, 10.0, 0.0, 0.0, 10.0, 0.0, 0.0, 10.0, 0.0, 0.0, 10.0, 0.0, 0.0, 10.0, 0.0, 0.0, 10.0, 0.0, 0.0, 10.0, 0.0, 0.0, 10.0, 0.0, 0.0, 10.0, 0.0, 0.0, 10.0, 0.0, 0.0, 10.0, 0.0, 0.0, 11.0, 0.0, 0.0, 10.0, 0.0, 0.0, 10.0, 0.0, 0.0, 10.0, 0.0, 0.0, 10.0, 0.0, 0.0, 10.0, 0.0, 0.0]",11.0,3.23728813559322,4.698860240637688,10.0,"[0.0, 10.0, 0.0, 10.0, 0.0, 10.0, 0.0, 10.0, 0.0, 10.0, 0.0, 10.0, 0.0, 10.0, 0.0, 10.0, 0.0, 10.0, 0.0, 10.0, 0.0, 10.0, 0.0, 10.0, 0.0, 10.0, 0.0, 11.0, 0.0, 10.0, 0.0, 10.0, 0.0, 10.0, 0.0, 10.0, 0.0, 10.0, 0.0]",11.0,4.897435897435898,5.027079856827073,10.0,1.0954451150103321,4.0,4.0,5,6,4,6,4,-132,-147,66,101,-66,-132,-147,66,101,-66,1667307647.5,1667307695.0,1667307743.5,191.0,1667307647.5,1667307695.0,1667307743.5,191.0,3,2.857142857142857,21
B,100,100,0,1.0,0.0,52.74,42.51014467159575,0.0,0.0,"[115.0, 0.0, 5.0, -208.0, 0.0, 19.0, 0.0, 5.0, 0.0, 4.0, 0.0, 17.0, 0.0, 11.0, 0.0, 4.0, 0.0, 12.0, 0.0, 14.0, 0.0, 2.0, 2.0, 0.0, 9.0, 0.0, 15.0, 0.0, 7.0, 0.0, 4.0, 0.0, 27.0, 0.0, 6.0, 0.0, 5.0, 0.0, 28.0, 0.0, 1.0, 0.0, 11.0, 0.0, 5.0, 16.0, 0.0, 6.0, 0.0, 26.0, 0.0, 6.0, 0.0, 8.0, 0.0, 19.0, 0.0, -289.0, 0.0, 19.0, 0.0, 9.0, 0.0, 17.0, 0.0, 11.0, 0.0, 16.0, 0.0, 14.0, 0.0, 2.0, 11.0, 0.0, 15.0, 0.0, 11.0, 0.0, 27.0, 0.0, 6.0, 0.0, 33.0, 0.0, 1.0, 0.0, 11.0, 0.0, 5.0, 16.0, 0.0, 6.0, 0.0, 26.0, 0.0, 14.0, 0.0, 19.0, 0.0]",115.0,2.0303030303030303,38.87624876566656,11.0,[],0.0,0.0,0.0,0.0,1.2472191289246473,6.666666666666667,7.0,7,10,0,10,0,-42,-221,-221,-42,-42,-42,-42,-42,-42,-42,1667307675.0,1667307728.0,1667307807.25,289.0,0.0,0.0,0.0,0.0,100,100.0,1
B,100,0,11,0.0,0.11,0.0,0.0,201.0,0.0,[],0.0,0.0,0.0,0.0,"[0.0, 0.0, 0.0, 0.0, 0.0, 0.0, 0.0, 0.0, 0.0, 0.0]",0.0,0.0,0.0,0.0,0.0,0.0,0.0,0,0,10,0,0,201,201,201,201,201,201,201,201,201,201,0.0,0.0,0.0,0.0,1667307806.0,1667307806.0,1667307806.0,0.0,0,0.0,0
B,100,60,40,0.6,0.4,115.0,35.185224171518364,83.5,17.5,"[0.0, 0.0, 10.0, 0.0, 0.0, 10.0, 0.0, 0.0, 10.0, 0.0, 0.0, 10.0, 0.0, 0.0, 10.0, 0.0, 0.0, 10.0, 0.0, 0.0, 10.0, 0.0, 0.0, 10.0, 0.0, 0.0, 10.0, 0.0, 0.0, 10.0, 0.0, 0.0, 10.0, 0.0, 0.0, 10.0, 0.0, 0.0, 10.0, 0.0, 0.0, 10.0, 0.0, 0.0, 10.0, 0.0, 0.0, 10.0, 0.0, 0.0, 10.0, 0.0, 0.0, 10.0, 0.0, 0.0, 10.0, 0.0, 0.0]",10.0,3.2203389830508473,4.672558899013635,10.0,"[0.0, 10.0, 0.0, 10.0, 0.0, 10.0, 0.0, 10.0, 0.0, 10.0, 0.0, 10.0, 0.0, 10.0, 0.0, 10.0, 0.0, 10.0, 0.0, 10.0, 0.0, 10.0, 0.0, 10.0, 0.0, 10.0, 0.0, 10.0, 0.0, 10.0, 0.0, 10.0, 0.0, 10.0, 0.0, 10.0, 0.0, 10.0, 0.0]",10.0,4.871794871794871,4.9983560742610065,10.0,1.0954451150103321,4.0,4.0,5,6,4,6,4,-132,-147,66,101,-66,-132,-147,66,101,-66,1667307948.5,1667307996.0,1667308043.5,190.0,1667307948.5,1667307996.0,1667308043.5,190.0,3,2.857142857142857,21
B,100,100,0,1.0,0.0,42.56,3.919999999999998,0.0,0.0,"[120.0, 42.0, 78.0, -260.0, 0.0, 14.0, 0.0, 6.0, 20.0, 0.0, 7.0, 0.0, 4.0, 27.0, 0.0, 1.0, 0.0, 31.0, 0.0, 2.0, 0.0, 4.0, 0.0, 24.0, 16.0, 0.0, 5.0, 0.0, 35.0, 0.0, 15.0, 0.0, 3.0, 0.0, 24.0, 0.0, 22.0, 0.0, 0.0, 18.0, 0.0, -278.0, 0.0, 14.0, 0.0, 6.0, 20.0, 0.0, 7.0, 0.0, 31.0, 0.0, 1.0, 0.0, 33.0, 0.0, 4.0, 0.0, 24.0, 16.0, 0.0, 5.0, 0.0, 35.0, 0.0, 15.0, 0.0, 27.0, 0.0, 22.0, 0.0, 0.0, 18.0, 0.0, -258.0, 120.0, 120.0, -271.0, 0.0, 31.0, 10.0, 0.0, 4.0, 0.0, 40.0, 0.0, 5.0, 0.0, 39.0, 0.0, 6.0, 0.0, 16.0, 22.0, 0.0, 1.0, 0.0, 32.0, 0.0]",120.0,1.7676767676767677,59.82733206720285,18.0,[],0.0,0.0,0.0,0.0,1.2472191289246473,6.666666666666667,7.0,7,10,0,10,0,-42,-42,-70,-42,-42,-42,-42,-42,-42,-42,1667307958.0,1667308028.0,1667308107.0,289.0,0.0,0.0,0.0,0.0,100,100.0,1
B,100,60,40,0.6,0.4,115.0,35.185224171518364,83.5,17.5,"[0.0, 0.0, 10.0, 0.0, 0.0, 10.0, 0.0, 0.0, 10.0, 0.0, 0.0, 10.0, 0.0, 0.0, 10.0, 0.0, 0.0, 10.0, 0.0, 0.0, 10.0, 0.0, 0.0, 10.0, 0.0, 0.0, 10.0, 0.0, 0.0, 10.0, 0.0, 0.0, 10.0, 0.0, 0.0, 10.0, 0.0, 0.0, 10.0, 0.0, 0.0, 10.0, 0.0, 0.0, 10.0, 0.0, 0.0, 10.0, 0.0, 0.0, 10.0, 0.0, 0.0, 10.0, 0.0, 0.0, 10.0, 0.0, 0.0]",10.0,3.2203389830508473,4.672558899013635,10.0,"[0.0, 10.0, 0.0, 10.0, 0.0, 10.0, 0.0, 10.0, 0.0, 10.0, 0.0, 10.0, 0.0, 10.0, 0.0, 10.0, 0.0, 10.0, 0.0, 10.0, 0.0, 10.0, 0.0, 10.0, 0.0, 10.0, 0.0, 10.0, 0.0, 10.0, 0.0, 10.0, 0.0, 10.0, 0.0, 10.0, 0.0, 10.0, 0.0]",10.0,4.871794871794871,4.9983560742610065,10.0,1.0954451150103321,4.0,4.0,5,6,4,6,4,-132,-147,66,101,-66,-132,-147,66,101,-66,1667308248.5,1667308296.0,1667308343.5,190.0,1667308248.5,1667308296.0,1667308343.5,190.0,3,2.857142857142857,21
B,100,100,0,1.0,0.0,42.56,3.919999999999999,0.0,0.0,"[121.0, -192.0, 0.0, 11.0, 0.0, 24.0, 0.0, 14.0, 0.0, 2.0, 0.0, 20.0, 22.0, 0.0, 5.0, 0.0, 37.0, 0.0, 12.0, 0.0, 32.0, 0.0, 13.0, 2.0, 0.0, 27.0, 0.0, 20.0, 0.0, 24.0, 0.0, -265.0, 0.0, 11.0, 0.0, 38.0, 0.0, 2.0, 0.0, 20.0, 22.0, 0.0, 5.0, 0.0, 37.0, 0.0, 12.0, 0.0, 32.0, 0.0, 13.0, 2.0, 0.0, 27.0, 0.0, 20.0, 0.0, 24.0, 0.0, -194.0, 121.0, 75.0, -282.0, 0.0, 19.0, 6.0, 0.0, 8.0, 0.0, 30.0, 0.0, 3.0, 0.0, 20.0, 13.0, 0.0, 3.0, 0.0, 30.0, 0.0, 9.0, 0.0, 39.0, 0.0, 1.0, 0.0, 26.0, 12.0, 0.0, 12.0, 0.0, 27.0, 0.0, 22.0, 0.0, -269.0, 0.0, 11.0, 0.0]",121.0,-0.6464646464646465,59.57243500776009,20.0,[],0.0,0.0,0.0,0.0,1.2472191289246473,6.666666666666667,7.0,7,10,0,10,0,-42,-42,-42,-42,-42,-42,-42,-42,-42,-42,1667308269.0,1667308327.5,1667308412.5,282.0,0.0,0.0,0.0,0.0,100,100.0,1
B,100,60,40,0.6,0.4,115.0,35.185224171518364,83.5,17.5,"[0.0, 0.0, 10.0, 0.0, 0.0, 10.0, 0.0, 0.0, 10.0, 0.0, 0.0, 10.0, 0.0, 0.0, 10.0, 0.0, 0.0, 10.0, 0.0, 0.0, 10.0, 0.0, 0.0, 10.0, 0.0, 0.0, 10.0, 0.0, 0.0, 10.0, 0.0, 0.0, 10.0, 0.0, 0.0, 10.0, 0.0, 0.0, 10.0, 0.0, 0.0, 10.0, 0.0, 0.0, 10.0, 0.0, 0.0, 10.0, 0.0, 0.0, 10.0, 0.0, 0.0, 10.0, 0.0, 0.0, 10.0, 0.0, 0.0]",10.0,3.2203389830508473,4.672558899013635,10.0,"[0.0, 10.0, 0.0, 10.0, 0.0, 10.0, 0.0, 10.0, 0.0, 10.0, 0.0, 10.0, 0.0, 10.0, 0.0, 10.0, 0.0, 10.0, 0.0, 10.0, 0.0, 10.0, 0.0, 10.0, 0.0, 10.0, 0.0, 10.0, 0.0, 10.0, 0.0, 10.0, 0.0, 10.0, 0.0, 10.0, 0.0, 10.0, 0.0]",10.0,4.871794871794871,4.9983560742610065,10.0,1.0954451150103321,4.0,4.0,5,6,4,6,4,-132,-147,66,101,-66,-132,-147,66,101,-66,1667308548.5,1667308596.0,1667308643.5,190.0,1667308548.5,1667308596.0,1667308643.5,190.0,3,2.857142857142857,21
B,100,100,0,1.0,0.0,42.28,2.7859648238985355,0.0,0.0,"[120.0, 120.0, -263.0, 0.0, 18.0, 0.0, 5.0, 24.0, 0.0, 15.0, 0.0, 32.0, 0.0, 10.0, 0.0, 28.0, 0.0, 10.0, 0.0, 1.0, 5.0, 0.0, 36.0, 0.0, 8.0, 0.0, 26.0, 0.0, 23.0, 0.0, 13.0, 0.0, 9.0, 23.0, 0.0, 4.0, 0.0, 0.0, 0.0, -290.0, 0.0, 18.0, 0.0, 5.0, 24.0, 0.0, 15.0, 0.0, 32.0, 0.0, 10.0, 0.0, 38.0, 0.0, 1.0, 5.0, 0.0, 36.0, 0.0, 8.0, 0.0, 26.0, 0.0, 22.0, 1.0, 0.0, 13.0, 0.0, 9.0, 27.0, 0.0, 0.0, 0.0, -267.0, 120.0, 120.0, -270.0, 0.0, 30.0, 3.0, 0.0, 6.0, 0.0, 39.0, 0.0, 4.0, 0.0, 35.0, 0.0, 15.0, 0.0, 18.0, 10.0, 0.0, 21.0, 0.0, 24.0, 0.0, 31.0]",120.0,2.080808080808081,61.52533793022038,18.0,[],0.0,0.0,0.0,0.0,1.2472191289246473,6.666666666666667,7.0,7,10,0,10,0,-42,-42,-42,-42,-42,-42,-42,-42,-42,-42,1667308571.0,1667308652.0,1667308727.0,297.0,0.0,0.0,0.0,0.0,100,100.0,1
B,100,60,40,0.6,0.4,115.0,35.185224171518364,83.5,17.5,"[0.0, 0.0, 10.0, 0.0, 0.0, 10.0, 0.0, 0.0, 10.0, 0.0, 0.0, 10.0, 0.0, 0.0, 10.0, 0.0, 0.0, 10.0, 0.0, 0.0, 10.0, 0.0, 0.0, 10.0, 0.0, 0.0, 10.0, 0.0, 0.0, 10.0, 0.0, 0.0, 10.0, 0.0, 0.0, 10.0, 0.0, 0.0, 10.0, 0.0, 0.0, 11.0, 0.0, 0.0, 10.0, 0.0, 0.0, 10.0, 0.0, 0.0, 10.0, 0.0, 0.0, 10.0, 0.0, 0.0, 10.0, 0.0, 0.0]",11.0,3.23728813559322,4.698860240637688,10.0,"[0.0, 10.0, 0.0, 10.0, 0.0, 10.0, 0.0, 10.0, 0.0, 10.0, 0.0, 10.0, 0.0, 10.0, 0.0, 10.0, 0.0, 10.0, 0.0, 10.0, 0.0, 10.0, 0.0, 10.0, 0.0, 10.0, 0.0, 11.0, 0.0, 10.0, 0.0, 10.0, 0.0, 10.0, 0.0, 10.0, 0.0, 10.0, 0.0]",11.0,4.897435897435898,5.027079856827073,10.0,1.0954451150103321,4.0,4.0,5,6,4,6,4,-132,-147,66,101,-66,-132,-147,66,101,-66,1667308848.5,1667308896.0,1667308944.5,191.0,1667308848.5,1667308896.0,1667308944.5,191.0,3,2.857142857142857,21
B,100,100,0,1.0,0.0,43.12,5.486857023834319,0.0,0.0,"[119.0, 1.0, -180.0, 0.0, 3.0, 0.0, 14.0, 0.0, 22.0, 0.0, 21.0, 1.0, 0.0, 4.0, 0.0, 10.0, 0.0, 23.0, 0.0, 14.0, 0.0, 3.0, 0.0, 20.0, 0.0, 13.0, 0.0, 9.0, 0.0, 9.0, 0.0, 13.0, 0.0, 0.0, 1.0, 1.0, 0.0, 24.0, 0.0, 4.0, 0.0, 8.0, 0.0, 13.0, 0.0, 15.0, 0.0, 9.0, 0.0, -251.0, 0.0, 14.0, 0.0, 22.0, 0.0, 21.0, 5.0, 0.0, 10.0, 0.0, 37.0, 0.0, 3.0, 0.0, 20.0, 0.0, 22.0, 0.0, 9.0, 0.0, 13.0, 1.0, 1.0, 0.0, 24.0, 0.0, 12.0, 0.0, 13.0, 0.0, 24.0, 0.0, -194.0, 119.0, 1.0, -170.0, 0.0, 6.0, 0.0, 39.0, 0.0, 5.0, 11.0, 0.0, 29.0, 0.0, 21.0, 0.0, 24.0]",119.0,0.8585858585858586,45.281166531402974,13.0,[],0.0,0.0,0.0,0.0,1.2472191289246473,6.666666666666667,7.0,7,10,0,10,0,-42,-70,-42,-42,-42,-42,-42,-42,-42,-42,1667308892.75,1667308953.0,1667309012.0,254.0,0.0,0.0,0.0,0.0,100,100.0,1
B,100,60,40,0.6,0.4,115.0,35.185224171518364,83.5,17.5,"[0.0, 0.0, 10.0, 0.0, 0.0, 10.0, 0.0, 0.0, 10.0, 0.0, 0.0, 10.0, 0.0, 0.0, 10.0, 0.0, 0.0, 10.0, 0.0, 0.0, 10.0, 0.0, 0.0, 10.0, 0.0, 0.0, 10.0, 0.0, 0.0, 10.0, 0.0, 0.0, 10.0, 0.0, 0.0, 10.0, 0.0, 0.0, 10.0, 0.0, 0.0, 10.0, 0.0, 0.0, 10.0, 0.0, 0.0, 10.0, 0.0, 0.0, 10.0, 0.0, 0.0, 10.0, 0.0, 0.0, 10.0, 0.0, 0.0]",10.0,3.2203389830508473,4.672558899013635,10.0,"[0.0, 10.0, 0.0, 10.0, 0.0, 10.0, 0.0, 10.0, 0.0, 10.0, 0.0, 10.0, 0.0, 10.0, 0.0, 10.0, 0.0, 10.0, 0.0, 10.0, 0.0, 10.0, 0.0, 10.0, 0.0, 10.0, 0.0, 10.0, 0.0, 10.0, 0.0, 10.0, 0.0, 10.0, 0.0, 10.0, 0.0, 10.0, 0.0]",10.0,4.871794871794871,4.9983560742610065,10.0,1.0954451150103321,4.0,4.0,5,6,4,6,4,-132,-147,66,101,-66,-132,-147,66,101,-66,1667309149.5,1667309197.0,1667309244.5,190.0,1667309149.5,1667309197.0,1667309244.5,190.0,3,2.857142857142857,21
B,100,100,0,1.0,0.0,42.0,0.0,0.0,0.0,"[120.0, 121.0, -273.0, 0.0, 8.0, 0.0, 1.0, 0.0, 23.0, 1.0, 0.0, 6.0, 0.0, 12.0, 0.0, 7.0, 0.0, 17.0, 0.0, 7.0, 0.0, 19.0, 0.0, 5.0, 0.0, 1.0, 0.0, 22.0, 0.0, 8.0, 0.0, 14.0, 0.0, 1.0, 22.0, 0.0, 1.0, 0.0, 12.0, 0.0, 12.0, 0.0, 16.0, 0.0, 9.0, 0.0, 24.0, 0.0, 12.0, 0.0, 13.0, 0.0, 0.0, 24.0, 0.0, -297.0, 0.0, 9.0, 0.0, 23.0, 1.0, 0.0, 18.0, 0.0, 7.0, 0.0, 24.0, 0.0, 19.0, 0.0, 5.0, 0.0, 23.0, 0.0, 22.0, 0.0, 1.0, 22.0, 0.0, 1.0, 0.0, 24.0, 0.0, 16.0, 0.0, 9.0, 0.0, 24.0, 0.0, 12.0, 0.0, 13.0, 0.0, 0.0, 24.0, 0.0, -265.0, 120.0, 121.0]",121.0,2.4343434343434343,55.15362596323251,13.0,[],0.0,0.0,0.0,0.0,1.2472191289246473,6.666666666666667,7.0,7,10,0,10,0,-42,-42,-42,-42,-42,-42,-42,-42,-42,-42,1667309158.0,1667309244.0,1667309315.0,297.0,0.0,0.0,0.0,0.0,100,100.0,1
B,100,60,40,0.6,0.4,115.0,35.185224171518364,83.5,17.5,"[0.0, 0.0, 10.0, 0.0, 0.0, 10.0, 0.0, 0.0, 10.0, 0.0, 0.0, 10.0, 0.0, 0.0, 10.0, 0.0, 0.0, 10.0, 0.0, 0.0, 10.0, 0.0, 0.0, 10.0, 0.0, 0.0, 10.0, 0.0, 0.0, 10.0, 0.0, 0.0, 10.0, 0.0, 0.0, 10.0, 0.0, 0.0, 10.0, 0.0, 0.0, 10.0, 0.0, 0.0, 10.0, 0.0, 0.0, 10.0, 0.0, 0.0, 10.0, 0.0, 0.0, 10.0, 0.0, 0.0, 10.0, 0.0, 0.0]",10.0,3.2203389830508473,4.672558899013635,10.0,"[0.0, 10.0, 0.0, 10.0, 0.0, 10.0, 0.0, 10.0, 0.0, 10.0, 0.0, 10.0, 0.0, 10.0, 0.0, 10.0, 0.0, 10.0, 0.0, 10.0, 0.0, 10.0, 0.0, 10.0, 0.0, 10.0, 0.0, 10.0, 0.0, 10.0, 0.0, 10.0, 0.0, 10.0, 0.0, 10.0, 0.0, 10.0, 0.0]",10.0,4.871794871794871,4.9983560742610065,10.0,1.0954451150103321,4.0,4.0,5,6,4,6,4,-132,-147,66,101,-66,-132,-147,66,101,-66,1667309449.5,1667309497.0,1667309544.5,190.0,1667309449.5,1667309497.0,1667309544.5,190.0,3,2.857142857142857,21
B,100,100,0,1.0,0.0,42.0,0.0,0.0,0.0,"[120.0, -211.0, 0.0, 14.0, 0.0, 6.0, 0.0, 23.0, 0.0, 1.0, 0.0, 23.0, 0.0, 19.0, 0.0, 5.0, 1.0, 0.0, 20.0, 0.0, 4.0, 0.0, 14.0, 0.0, 11.0, 0.0, 24.0, 0.0, 9.0, 0.0, 16.0, 0.0, 21.0, 4.0, 0.0, 5.0, 0.0, 19.0, 0.0, 25.0, 0.0, 0.0, 0.0, 24.0, 0.0, -288.0, 0.0, 20.0, 0.0, 23.0, 0.0, 1.0, 0.0, 23.0, 0.0, 19.0, 0.0, 5.0, 1.0, 0.0, 24.0, 0.0, 14.0, 0.0, 11.0, 0.0, 24.0, 0.0, 9.0, 0.0, 16.0, 0.0, 21.0, 4.0, 0.0, 5.0, 0.0, 19.0, 0.0, 25.0, 0.0, 0.0, 0.0, 24.0, 0.0, -197.0, 120.0, -209.0, 0.0, 3.0, 0.0, 35.0, 0.0, 0.0, 0.0, 35.0, 0.0, 4.0, 0.0]",120.0,-0.12121212121212122,50.481774434402695,15.0,[],0.0,0.0,0.0,0.0,1.2472191289246473,6.666666666666667,7.0,7,10,0,10,0,-42,-42,-42,-42,-42,-42,-42,-42,-42,-42,1667309446.0,1667309518.0,1667309613.0,288.0,0.0,0.0,0.0,0.0,100,100.0,1
B,100,60,40,0.6,0.4,115.0,35.185224171518364,83.5,17.5,"[0.0, 0.0, 10.0, 0.0, 0.0, 10.0, 0.0, 0.0, 10.0, 0.0, 0.0, 10.0, 0.0, 0.0, 10.0, 0.0, 0.0, 10.0, 0.0, 0.0, 10.0, 0.0, 0.0, 10.0, 0.0, 0.0, 10.0, 0.0, 0.0, 10.0, 0.0, 0.0, 10.0, 0.0, 0.0, 10.0, 0.0, 0.0, 10.0, 0.0, 0.0, 10.0, 0.0, 0.0, 10.0, 0.0, 0.0, 10.0, 0.0, 0.0, 10.0, 0.0, 0.0, 10.0, 0.0, 0.0, 10.0, 0.0, 0.0]",10.0,3.2203389830508473,4.672558899013635,10.0,"[0.0, 10.0, 0.0, 10.0, 0.0, 10.0, 0.0, 10.0, 0.0, 10.0, 0.0, 10.0, 0.0, 10.0, 0.0, 10.0, 0.0, 10.0, 0.0, 10.0, 0.0, 10.0, 0.0, 10.0, 0.0, 10.0, 0.0, 10.0, 0.0, 10.0, 0.0, 10.0, 0.0, 10.0, 0.0, 10.0, 0.0, 10.0, 0.0]",10.0,4.871794871794871,4.9983560742610065,10.0,1.0954451150103321,4.0,4.0,5,6,4,6,4,-132,-147,66,101,-66,-132,-147,66,101,-66,1667309749.5,1667309797.0,1667309844.5,190.0,1667309749.5,1667309797.0,1667309844.5,190.0,3,2.857142857142857,21
B,100,100,0,1.0,0.0,42.0,0.0,0.0,0.0,"[120.0, 120.0, -263.0, 0.0, 5.0, 0.0, 18.0, 6.0, 0.0, 15.0, 0.0, 10.0, 0.0, 25.0, 0.0, 9.0, 0.0, 15.0, 0.0, 25.0, 0.0, 4.0, 0.0, 11.0, 30.0, 0.0, 3.0, 0.0, 42.0, 0.0, 4.0, 0.0, 41.0, 0.0, 0.0, 5.0, 0.0, -268.0, 0.0, 5.0, 0.0, 18.0, 6.0, 0.0, 15.0, 0.0, 10.0, 0.0, 25.0, 0.0, 9.0, 0.0, 15.0, 0.0, 25.0, 0.0, 4.0, 0.0, 11.0, 30.0, 0.0, 3.0, 0.0, 42.0, 0.0, 4.0, 0.0, 41.0, 0.0, 0.0, 5.0, 0.0, -245.0, 120.0, 120.0, -256.0, 0.0, 3.0, 0.0, 13.0, 22.0, 0.0, 12.0, 0.0, 23.0, 0.0, 26.0, 0.0, 9.0, 0.0, 28.0, 7.0, 0.0, 6.0, 0.0, 20.0, 0.0, 13.0, 0.0]",120.0,1.6767676767676767,58.689532094155204,14.0,[],0.0,0.0,0.0,0.0,1.2472191289246473,6.666666666666667,7.0,7,10,0,10,0,-42,-42,-42,-42,-42,-42,-42,-42,-42,-42,1667309754.75,1667309825.0,1667309886.0,268.0,0.0,0.0,0.0,0.0,100,100.0,1
B,100,60,40,0.6,0.4,115.0,35.185224171518364,83.8,17.895809565370325,"[0.0, 0.0, 10.0, 0.0, 0.0, 10.0, 0.0, 0.0, 10.0, 0.0, 0.0, 10.0, 0.0, 0.0, 10.0, 0.0, 0.0, 10.0, 0.0, 0.0, 10.0, 0.0, 0.0, 10.0, 0.0, 0.0, 10.0, 0.0, 0.0, 10.0, 0.0, 0.0, 10.0, 0.0, 0.0, 10.0, 0.0, 0.0, 11.0, 0.0, 0.0, 10.0, 0.0, 0.0, 10.0, 0.0, 0.0, 10.0, 0.0, 0.0, 10.0, 0.0, 0.0, 10.0, 0.0, 0.0, 10.0, 0.0, 0.0]",11.0,3.23728813559322,4.698860240637688,10.0,"[0.0, 10.0, 0.0, 10.0, 0.0, 10.0, 0.0, 10.0, 0.0, 10.0, 0.0, 10.0, 0.0, 10.0, 0.0, 10.0, 0.0, 10.0, 0.0, 10.0, 0.0, 10.0, 0.0, 10.0, 0.0, 11.0, 0.0, 10.0, 0.0, 10.0, 0.0, 10.0, 0.0, 10.0, 0.0, 10.0, 0.0, 10.0, 0.0]",11.0,4.897435897435898,5.027079856827073,10.0,1.0954451150103321,4.0,4.0,5,6,4,6,4,-132,-147,66,101,-66,-132,-147,66,101,-66,1667310049.5,1667310097.0,1667310145.5,191.0,1667310049.5,1667310097.0,1667310145.5,191.0,3,2.857142857142857,21
B,100,100,0,1.0,0.0,42.0,0.0,0.0,0.0,"[120.0, -195.0, 0.0, 6.0, 0.0, 39.0, 0.0, 7.0, 0.0, 23.0, 15.0, 0.0, 6.0, 0.0, 39.0, 0.0, 7.0, 0.0, 18.0, 0.0, 10.0, 0.0, 4.0, 0.0, 10.0, 0.0, 11.0, 11.0, 0.0, 3.0, 0.0, 24.0, 0.0, 0.0, 0.0, 5.0, 0.0, 20.0, 0.0, 12.0, 0.0, -270.0, 0.0, 6.0, 0.0, 39.0, 0.0, 7.0, 0.0, 23.0, 15.0, 0.0, 6.0, 0.0, 39.0, 0.0, 7.0, 0.0, 18.0, 0.0, 14.0, 0.0, 10.0, 0.0, 11.0, 11.0, 0.0, 3.0, 0.0, 24.0, 0.0, 5.0, 0.0, 20.0, 0.0, 12.0, 0.0, -195.0, 120.0, -194.0, 0.0, 12.0, 0.0, 15.0, 0.0, 18.0, 0.0, 9.0, 0.0, 20.0, 4.0, 0.0, 2.0, 0.0, 27.0, 0.0, 4.0, 0.0, 23.0]",120.0,0.6060606060606061,48.16864695138986,11.5,[],0.0,0.0,0.0,0.0,1.2472191289246473,6.666666666666667,7.0,7,10,0,10,0,-42,-42,-42,-42,-42,-42,-42,-42,-42,-42,1667310073.0,1667310153.0,1667310224.0,270.0,0.0,0.0,0.0,0.0,100,100.0,1
B,100,60,40,0.6,0.4,115.0,35.185224171518364,83.5,17.5,"[0.0, 0.0, 10.0, 0.0, 0.0, 10.0, 0.0, 0.0, 10.0, 0.0, 0.0, 10.0, 0.0, 0.0, 10.0, 0.0, 0.0, 10.0, 0.0, 0.0, 10.0, 0.0, 0.0, 10.0, 0.0, 0.0, 10.0, 0.0, 0.0, 10.0, 0.0, 0.0, 10.0, 0.0, 0.0, 10.0, 0.0, 0.0, 10.0, 0.0, 0.0, 10.0, 0.0, 0.0, 10.0, 0.0, 0.0, 10.0, 0.0, 0.0, 10.0, 0.0, 0.0, 10.0, 0.0, 0.0, 10.0, 0.0, 0.0]",10.0,3.2203389830508473,4.672558899013635,10.0,"[0.0, 10.0, 0.0, 10.0, 0.0, 10.0, 0.0, 10.0, 0.0, 10.0, 0.0, 10.0, 0.0, 10.0, 0.0, 10.0, 0.0, 10.0, 0.0, 10.0, 0.0, 10.0, 0.0, 10.0, 0.0, 10.0, 0.0, 10.0, 0.0, 10.0, 0.0, 10.0, 0.0, 10.0, 0.0, 10.0, 0.0, 10.0, 0.0]",10.0,4.871794871794871,4.9983560742610065,10.0,1.0954451150103321,4.0,4.0,5,6,4,6,4,-132,-147,66,101,-66,-132,-147,66,101,-66,1667310350.5,1667310398.0,1667310445.5,190.0,1667310350.5,1667310398.0,1667310445.5,190.0,3,2.857142857142857,21
B,100,100,0,1.0,0.0,42.0,0.0,0.0,0.0,"[120.0, 120.0, -273.0, 0.0, 20.0, 0.0, 5.0, 0.0, 8.0, 15.0, 0.0, 2.0, 0.0, 2.0, 0.0, 22.0, 0.0, 10.0, 0.0, 15.0, 0.0, 17.0, 0.0, 7.0, 0.0, 22.0, 0.0, 3.0, 0.0, 0.0, 0.0, 5.0, 35.0, 0.0, 7.0, 0.0, 33.0, 0.0, 14.0, 0.0, 26.0, 0.0, 5.0, 16.0, 0.0, -289.0, 0.0, 20.0, 0.0, 5.0, 0.0, 8.0, 17.0, 0.0, 2.0, 0.0, 22.0, 0.0, 10.0, 0.0, 15.0, 0.0, 17.0, 0.0, 7.0, 0.0, 25.0, 0.0, 0.0, 0.0, 5.0, 35.0, 0.0, 7.0, 0.0, 33.0, 0.0, 14.0, 0.0, 26.0, 0.0, 5.0, 16.0, 0.0, -256.0, 120.0, 120.0, -261.0, 0.0, 16.0, 0.0, 5.0, 6.0, 0.0, 27.0, 0.0, 12.0, 0.0, 14.0]",120.0,0.5959595959595959,60.52429501204816,15.0,[],0.0,0.0,0.0,0.0,1.2472191289246473,6.666666666666667,7.0,7,10,0,10,0,-42,-42,-42,-42,-42,-42,-42,-42,-42,-42,1667310349.5,1667310407.5,1667310488.0,289.0,0.0,0.0,0.0,0.0,100,100.0,1
B,100,60,40,0.6,0.4,115.0,35.185224171518364,83.8,17.895809565370325,"[0.0, 0.0, 10.0, 0.0, 0.0, 10.0, 0.0, 0.0, 10.0, 0.0, 0.0, 10.0, 0.0, 0.0, 10.0, 0.0, 0.0, 10.0, 0.0, 0.0, 10.0, 0.0, 0.0, 10.0, 0.0, 0.0, 10.0, 0.0, 0.0, 10.0, 0.0, 0.0, 10.0, 0.0, 0.0, 10.0, 0.0, 0.0, 10.0, 0.0, 0.0, 10.0, 0.0, 0.0, 10.0, 0.0, 0.0, 10.0, 0.0, 0.0, 10.0, 0.0, 0.0, 10.0, 0.0, 0.0, 10.0, 0.0, 0.0]",10.0,3.2203389830508473,4.672558899013635,10.0,"[0.0, 10.0, 0.0, 10.0, 0.0, 10.0, 0.0, 10.0, 0.0, 10.0, 0.0, 10.0, 0.0, 10.0, 0.0, 10.0, 0.0, 10.0, 0.0, 10.0, 0.0, 10.0, 0.0, 10.0, 0.0, 10.0, 0.0, 10.0, 0.0, 10.0, 0.0, 10.0, 0.0, 10.0, 0.0, 10.0, 0.0, 10.0, 0.0]",10.0,4.871794871794871,4.9983560742610065,10.0,1.0954451150103321,4.0,4.0,5,6,4,6,4,-132,-147,66,101,-66,-132,-147,66,101,-66,1667310650.5,1667310698.0,1667310745.5,190.0,1667310650.5,1667310698.0,1667310745.5,190.0,3,2.857142857142857,21
B,100,100,0,1.0,0.0,42.0,0.0,0.0,0.0,"[120.0, -205.0, 0.0, 28.0, 0.0, 6.0, 0.0, 4.0, 0.0, 38.0, 0.0, 2.0, 0.0, 7.0, 33.0, 0.0, 4.0, 0.0, 10.0, 0.0, 27.0, 0.0, 11.0, 0.0, 11.0, 0.0, 1.0, 0.0, 21.0, 0.0, 0.0, 0.0, 2.0, 9.0, 0.0, 11.0, 0.0, 10.0, 0.0, 10.0, 0.0, 2.0, 0.0, 21.0, 0.0, 1.0, 0.0, 7.0, 0.0, 15.0, 0.0, -291.0, 0.0, 28.0, 0.0, 10.0, 0.0, 38.0, 0.0, 2.0, 0.0, 7.0, 33.0, 0.0, 4.0, 0.0, 37.0, 0.0, 11.0, 0.0, 11.0, 0.0, 22.0, 0.0, 0.0, 0.0, 2.0, 20.0, 0.0, 10.0, 0.0, 12.0, 0.0, 21.0, 0.0, 1.0, 0.0, 22.0, 0.0, -206.0, 120.0, -198.0, 0.0, 10.0, 0.0, 33.0, 0.0, 17.0, 0.0]",120.0,-0.18181818181818182,50.43775314334254,10.5,[],0.0,0.0,0.0,0.0,1.2472191289246473,6.666666666666667,7.0,7,10,0,10,0,-42,-42,-42,-42,-42,-42,-42,-42,-42,-42,1667310684.0,1667310778.0,1667310833.0,291.0,0.0,0.0,0.0,0.0,100,100.0,1
B,100,60,40,0.6,0.4,115.0,35.185224171518364,82.95,17.285760035358585,"[0.0, 0.0, 10.0, 0.0, 0.0, 10.0, 0.0, 0.0, 10.0, 0.0, 0.0, 10.0, 0.0, 0.0, 10.0, 0.0, 0.0, 0.0, 10.0, 0.0, 0.0, 10.0, 0.0, 0.0, 10.0, 0.0, 0.0, 10.0, 0.0, 0.0, 10.0, 0.0, 0.0, 10.0, 0.0, 0.0, 10.0, 0.0, 0.0, 10.0, 0.0, 0.0, 10.0, 0.0, 0.0, 10.0, 0.0, 0.0, 10.0, 0.0, 0.0, 10.0, 0.0, 0.0, 10.0, 0.0, 0.0, 10.0, 0.0]",10.0,3.2203389830508473,4.672558899013634,10.0,"[0.0, 10.0, 0.0, 10.0, 0.0, 10.0, 0.0, 10.0, 0.0, 10.0, 0.0, 0.0, 10.0, 0.0, 10.0, 0.0, 10.0, 0.0, 10.0, 0.0, 10.0, 0.0, 10.0, 0.0, 10.0, 0.0, 10.0, 0.0, 10.0, 0.0, 10.0, 0.0, 10.0, 0.0, 10.0, 0.0, 10.0, 0.0, 10.0]",10.0,4.871794871794871,4.9983560742610065,10.0,1.0954451150103321,4.0,4.0,5,6,4,6,4,-132,-147,66,101,-66,-132,-147,66,101,-66,1667310950.5,1667310993.0,1667311043.0,190.0,1667310950.5,1667310993.0,1667311043.0,190.0,3,2.857142857142857,21
B,100,100,0,1.0,0.0,42.0,0.0,0.0,0.0,"[120.0, 120.0, -265.0, 0.0, 12.0, 0.0, 1.0, 0.0, 12.0, 8.0, 0.0, 1.0, 0.0, 8.0, 0.0, 14.0, 0.0, 9.0, 0.0, 13.0, 0.0, 1.0, 0.0, 19.0, 0.0, 2.0, 0.0, 10.0, 0.0, 12.0, 0.0, 9.0, 0.0, 9.0, 0.0, 4.0, 0.0, 1.0, 23.0, 0.0, 8.0, 0.0, 29.0, 0.0, 3.0, 0.0, 32.0, 0.0, 1.0, 0.0, 4.0, 0.0, 20.0, 7.0, 0.0, 6.0, 0.0, 5.0, 0.0, -283.0, 0.0, 12.0, 0.0, 13.0, 8.0, 0.0, 1.0, 0.0, 22.0, 0.0, 9.0, 0.0, 13.0, 0.0, 20.0, 0.0, 2.0, 0.0, 22.0, 0.0, 9.0, 0.0, 13.0, 0.0, 1.0, 23.0, 0.0, 8.0, 0.0, 29.0, 0.0, 3.0, 0.0, 32.0, 0.0, 1.0, 0.0, 24.0, 7.0]",120.0,2.494949494949495,43.6340090086754,9.0,[],0.0,0.0,0.0,0.0,1.2472191289246473,6.666666666666667,7.0,7,10,0,10,0,-42,-42,-42,-42,-42,-42,-42,-42,-42,-42,1667310965.0,1667311031.0,1667311114.0,283.0,0.0,0.0,0.0,0.0,100,100.0,1
B,100,60,40,0.6,0.4,115.0,35.185224171518364,83.8,17.895809565370325,"[0.0, 0.0, 10.0, 0.0, 0.0, 10.0, 0.0, 0.0, 10.0, 0.0, 0.0, 11.0, 0.0, 0.0, 10.0, 0.0, 0.0, 10.0, 0.0, 0.0, 10.0, 0.0, 0.0, 10.0, 0.0, 0.0, 10.0, 0.0, 0.0, 10.0, 0.0, 0.0, 10.0, 0.0, 0.0, 10.0, 0.0, 0.0, 10.0, 0.0, 0.0, 10.0, 0.0, 0.0, 10.0, 0.0, 0.0, 10.0, 0.0, 0.0, 10.0, 0.0, 0.0, 10.0, 0.0, 0.0, 10.0, 0.0, 0.0]",11.0,3.23728813559322,4.698860240637688,10.0,"[0.0, 10.0, 0.0, 10.0, 0.0, 10.0, 0.0, 11.0, 0.0, 10.0, 0.0, 10.0, 0.0, 10.0, 0.0, 10.0, 0.0, 10.0, 0.0, 10.0, 0.0, 10.0, 0.0, 10.0, 0.0, 10.0, 0.0, 10.0, 0.0, 10.0, 0.0, 10.0, 0.0, 10.0, 0.0, 10.0, 0.0, 10.0, 0.0]",11.0,4.897435897435898,5.027079856827073,10.0,1.0954451150103321,4.0,4.0,5,6,4,6,4,-132,-147,66,101,-66,-132,-147,66,101,-66,1667311251.5,1667311299.0,1667311346.5,191.0,1667311251.5,1667311299.0,1667311346.5,191.0,3,2.857142857142857,21
B,100,100,0,1.0,0.0,56.6,48.5588302989271,0.0,0.0,"[112.0, 0.0, 8.0, -201.0, 0.0, 11.0, 0.0, 21.0, 0.0, 16.0, 0.0, 16.0, 0.0, 17.0, 4.0, 0.0, 11.0, 0.0, 26.0, 0.0, 6.0, 0.0, 10.0, 0.0, 19.0, 2.0, 0.0, 1.0, 0.0, 10.0, 0.0, 22.0, 0.0, 1.0, 0.0, 0.0, 0.0, 8.0, 21.0, 0.0, 6.0, 0.0, 26.0, 0.0, 9.0, 0.0, 23.0, 0.0, -286.0, 0.0, 11.0, 0.0, 21.0, 0.0, 16.0, 0.0, 16.0, 0.0, 17.0, 4.0, 0.0, 11.0, 0.0, 26.0, 0.0, 6.0, 0.0, 31.0, 0.0, 1.0, 0.0, 32.0, 0.0, 1.0, 0.0, 0.0, 0.0, 8.0, 21.0, 0.0, 6.0, 0.0, 26.0, 0.0, 9.0, 0.0, 23.0, 0.0, -205.0, 112.0, 0.0, 8.0, -189.0, 0.0, 25.0, 0.0, 13.0, 0.0, 31.0]",112.0,0.0,49.03410480821929,12.0,[],0.0,0.0,0.0,0.0,1.2472191289246473,6.666666666666667,7.0,7,10,0,10,0,-42,-221,-221,-42,-42,-42,-42,-42,-42,-42,1667311277.0,1667311371.0,1667311406.0,286.0,0.0,0.0,0.0,0.0,100,100.0,1
B,100,0,11,0.0,0.11,0.0,0.0,201.0,0.0,[],0.0,0.0,0.0,0.0,"[0.0, 0.0, 0.0, 0.0, 0.0, 0.0, 0.0, 0.0, 0.0, 0.0]",0.0,0.0,0.0,0.0,0.0,0.0,0.0,0,0,10,0,0,201,201,201,201,201,201,201,201,201,201,0.0,0.0,0.0,0.0,1667311406.0,1667311406.0,1667311406.0,0.0,0,0.0,0
B,100,60,40,0.6,0.4,115.0,35.185224171518364,83.5,17.5,"[0.0, 0.0, 10.0, 0.0, 0.0, 10.0, 0.0, 0.0, 10.0, 0.0, 0.0, 10.0, 0.0, 0.0, 10.0, 0.0, 0.0, 10.0, 0.0, 0.0, 10.0, 0.0, 0.0, 10.0, 0.0, 0.0, 10.0, 0.0, 0.0, 10.0, 0.0, 0.0, 10.0, 0.0, 0.0, 10.0, 0.0, 0.0, 10.0, 0.0, 0.0, 10.0, 0.0, 0.0, 10.0, 0.0, 0.0, 10.0, 0.0, 0.0, 10.0, 0.0, 0.0, 10.0, 0.0, 0.0, 10.0, 0.0, 0.0]",10.0,3.2203389830508473,4.672558899013635,10.0,"[0.0, 10.0, 0.0, 10.0, 0.0, 10.0, 0.0, 10.0, 0.0, 10.0, 0.0, 10.0, 0.0, 10.0, 0.0, 10.0, 0.0, 10.0, 0.0, 10.0, 0.0, 10.0, 0.0, 10.0, 0.0, 10.0, 0.0, 10.0, 0.0, 10.0, 0.0, 10.0, 0.0, 10.0, 0.0, 10.0, 0.0, 10.0, 0.0]",10.0,4.871794871794871,4.9983560742610065,10.0,1.0954451150103321,4.0,4.0,5,6,4,6,4,-132,-147,66,101,-66,-132,-147,66,101,-66,1667311551.5,1667311599.0,1667311646.5,190.0,1667311551.5,1667311599.0,1667311646.5,190.0,3,2.857142857142857,21
B,100,100,0,1.0,0.0,42.28,2.7859648238985355,0.0,0.0,"[120.0, 109.0, 11.0, -263.0, 0.0, 0.0, 0.0, 20.0, 0.0, 3.0, 9.0, 0.0, 3.0, 0.0, 17.0, 0.0, 18.0, 0.0, 14.0, 0.0, 14.0, 0.0, 6.0, 0.0, 12.0, 0.0, 12.0, 0.0, 11.0, 0.0, 4.0, 5.0, 0.0, 28.0, 0.0, 12.0, 0.0, 27.0, 0.0, 13.0, 0.0, 26.0, 0.0, 9.0, 5.0, 0.0, -268.0, 0.0, 20.0, 0.0, 3.0, 12.0, 0.0, 17.0, 0.0, 18.0, 0.0, 14.0, 0.0, 20.0, 0.0, 12.0, 0.0, 23.0, 0.0, 4.0, 5.0, 0.0, 28.0, 0.0, 12.0, 0.0, 27.0, 0.0, 13.0, 0.0, 26.0, 0.0, 9.0, 5.0, 0.0, -245.0, 120.0, 120.0, -247.0, 0.0, 6.0, 0.0, 1.0, 34.0, 0.0, 3.0, 0.0, 38.0, 0.0, 1.0, 0.0, 38.0, 0.0]",120.0,1.1515151515151516,57.81114562357657,13.0,[],0.0,0.0,0.0,0.0,1.2472191289246473,6.666666666666667,7.0,7,10,0,10,0,-42,-42,-70,-42,-42,-42,-42,-42,-42,-42,1667311558.75,1667311615.0,1667311690.0,268.0,0.0,0.0,0.0,0.0,100,100.0,1
B,100,60,40,0.6,0.4,115.0,35.185224171518364,83.8,17.895809565370325,"[0.0, 0.0, 10.0, 0.0, 0.0, 10.0, 0.0, 0.0, 10.0, 0.0, 0.0, 10.0, 0.0, 0.0, 10.0, 0.0, 0.0, 10.0, 0.0, 0.0, 10.0, 0.0, 0.0, 10.0, 0.0, 0.0, 10.0, 0.0, 0.0, 10.0, 0.0, 0.0, 10.0, 0.0, 0.0, 10.0, 0.0, 0.0, 10.0, 0.0, 0.0, 10.0, 0.0, 0.0, 10.0, 0.0, 0.0, 10.0, 0.0, 0.0, 10.0, 0.0, 0.0, 10.0, 0.0, 0.0, 10.0, 0.0, 0.0]",10.0,3.2203389830508473,4.672558899013635,10.0,"[0.0, 10.0, 0.0, 10.0, 0.0, 10.0, 0.0, 10.0, 0.0, 10.0, 0.0, 10.0, 0.0, 10.0, 0.0, 10.0, 0.0, 10.0, 0.0, 10.0, 0.0, 10.0, 0.0, 10.0, 0.0, 10.0, 0.0, 10.0, 0.0, 10.0, 0.0, 10.0, 0.0, 10.0, 0.0, 10.0, 0.0, 10.0, 0.0]",10.0,4.871794871794871,4.9983560742610065,10.0,1.0954451150103321,4.0,4.0,5,6,4,6,4,-132,-147,66,101,-66,-132,-147,66,101,-66,1667311851.5,1667311899.0,1667311946.5,190.0,1667311851.5,1667311899.0,1667311946.5,190.0,3,2.857142857142857,21
B,100,100,0,1.0,0.0,42.0,0.0,0.0,0.0,"[120.0, -210.0, 0.0, 2.0, 0.0, 13.0, 0.0, 24.0, 0.0, 16.0, 0.0, 23.0, 0.0, 12.0, 7.0, 0.0, 20.0, 0.0, 20.0, 0.0, 18.0, 0.0, 24.0, 0.0, 1.0, 0.0, 14.0, 0.0, 11.0, 0.0, 5.0, 11.0, 0.0, 8.0, 0.0, 25.0, 0.0, 11.0, 0.0, 13.0, 0.0, 14.0, 0.0, -292.0, 0.0, 15.0, 0.0, 24.0, 0.0, 16.0, 0.0, 23.0, 0.0, 12.0, 7.0, 0.0, 20.0, 0.0, 20.0, 0.0, 18.0, 0.0, 24.0, 0.0, 1.0, 0.0, 25.0, 0.0, 5.0, 11.0, 0.0, 8.0, 0.0, 25.0, 0.0, 11.0, 0.0, 13.0, 0.0, -188.0, 120.0, -213.0, 0.0, 23.0, 0.0, 28.0, 0.0, 0.0, 0.0, 27.0, 0.0, 15.0, 10.0, 0.0, 3.0, 0.0, 27.0, 0.0, 21.0]",120.0,0.6161616161616161,50.52066425315428,15.0,[],0.0,0.0,0.0,0.0,1.2472191289246473,6.666666666666667,7.0,7,10,0,10,0,-42,-42,-42,-42,-42,-42,-42,-42,-42,-42,1667311859.0,1667311934.0,1667312014.0,295.0,0.0,0.0,0.0,0.0,100,100.0,1
B,100,60,40,0.6,0.4,115.0,35.185224171518364,83.5,17.5,"[0.0, 0.0, 10.0, 0.0, 0.0, 10.0, 0.0, 0.0, 10.0, 0.0, 0.0, 10.0, 0.0, 0.0, 10.0, 0.0, 0.0, 10.0, 0.0, 0.0, 10.0, 0.0, 0.0, 10.0, 0.0, 0.0, 10.0, 0.0, 0.0, 10.0, 0.0, 0.0, 10.0, 0.0, 0.0, 10.0, 0.0, 0.0, 10.0, 0.0, 0.0, 10.0, 0.0, 0.0, 10.0, 0.0, 0.0, 10.0, 0.0, 0.0, 10.0, 0.0, 0.0, 10.0, 0.0, 0.0, 10.0, 0.0, 0.0]",10.0,3.2203389830508473,4.672558899013635,10.0,"[0.0, 10.0, 0.0, 10.0, 0.0, 10.0, 0.0, 10.0, 0.0, 10.0, 0.0, 10.0, 0.0, 10.0, 0.0, 10.0, 0.0, 10.0, 0.0, 10.0, 0.0, 10.0, 0.0, 10.0, 0.0, 10.0, 0.0, 10.0, 0.0, 10.0, 0.0, 10.0, 0.0, 10.0, 0.0, 10.0, 0.0, 10.0, 0.0]",10.0,4.871794871794871,4.9983560742610065,10.0,1.0954451150103321,4.0,4.0,5,6,4,6,4,-132,-147,66,101,-66,-132,-147,66,101,-66,1667312151.5,1667312199.0,1667312246.5,190.0,1667312151.5,1667312199.0,1667312246.5,190.0,3,2.857142857142857,21
B,100,100,0,1.0,0.0,42.28,2.785964823898536,0.0,0.0,"[120.0, 120.0, -268.0, 0.0, 4.0, 0.0, 20.0, 0.0, 4.0, 20.0, 0.0, 1.0, 0.0, 25.0, 0.0, 16.0, 0.0, 8.0, 0.0, 25.0, 0.0, 11.0, 0.0, 13.0, 0.0, 1.0, 28.0, 0.0, 5.0, 0.0, 28.0, 0.0, 3.0, 0.0, 3.0, 0.0, 31.0, 0.0, 4.0, 0.0, 18.0, 12.0, 0.0, 4.0, 0.0, -284.0, 0.0, 4.0, 0.0, 20.0, 0.0, 4.0, 20.0, 0.0, 1.0, 0.0, 25.0, 0.0, 16.0, 0.0, 8.0, 0.0, 25.0, 0.0, 11.0, 0.0, 13.0, 0.0, 1.0, 28.0, 0.0, 5.0, 0.0, 31.0, 0.0, 3.0, 0.0, 31.0, 0.0, 4.0, 0.0, 18.0, 12.0, 0.0, 4.0, 0.0, -256.0, 120.0, 120.0, -270.0, 0.0, 16.0, 0.0, 14.0, 3.0, 0.0, 11.0, 0.0, 8.0]",120.0,0.2222222222222222,60.374011994853035,13.0,[],0.0,0.0,0.0,0.0,1.2472191289246473,6.666666666666667,7.0,7,10,0,10,0,-42,-42,-42,-42,-42,-42,-42,-42,-42,-42,1667312153.5,1667312235.5,1667312319.0,286.0,0.0,0.0,0.0,0.0,100,100.0,1
B,100,60,40,0.6,0.4,115.0,35.185224171518364,83.8,17.895809565370325,"[0.0, 0.0, 10.0, 0.0, 0.0, 10.0, 0.0, 0.0, 10.0, 0.0, 0.0, 11.0, 0.0, 0.0, 10.0, 0.0, 0.0, 10.0, 0.0, 0.0, 10.0, 0.0, 0.0, 10.0, 0.0, 0.0, 10.0, 0.0, 0.0, 10.0, 0.0, 0.0, 10.0, 0.0, 0.0, 10.0, 0.0, 0.0, 10.0, 0.0, 0.0, 10.0, 0.0, 0.0, 10.0, 0.0, 0.0, 10.0, 0.0, 0.0, 10.0, 0.0, 0.0, 10.0, 0.0, 0.0, 10.0, 0.0, 0.0]",11.0,3.23728813559322,4.698860240637688,10.0,"[0.0, 10.0, 0.0, 10.0, 0.0, 10.0, 0.0, 11.0, 0.0, 10.0, 0.0, 10.0, 0.0, 10.0, 0.0, 10.0, 0.0, 10.0, 0.0, 10.0, 0.0, 10.0, 0.0, 10.0, 0.0, 10.0, 0.0, 10.0, 0.0, 10.0, 0.0, 10.0, 0.0, 10.0, 0.0, 10.0, 0.0, 10.0, 0.0]",11.0,4.897435897435898,5.027079856827073,10.0,1.0954451150103321,4.0,4.0,5,6,4,6,4,-132,-147,66,101,-66,-132,-147,66,101,-66,1667312452.5,1667312500.0,1667312547.5,191.0,1667312452.5,1667312500.0,1667312547.5,191.0,3,2.857142857142857,21
B,100,100,0,1.0,0.0,43.68,6.649631568741234,0.0,0.0,"[120.0, 66.0, -260.0, 0.0, 5.0, 0.0, 18.0, 0.0, 11.0, 0.0, 6.0, 0.0, 21.0, 0.0, 7.0, 0.0, 6.0, 1.0, 0.0, 27.0, 0.0, 8.0, 0.0, 14.0, 0.0, 12.0, 0.0, 8.0, 0.0, 23.0, 0.0, 11.0, 0.0, 12.0, 0.0, 4.0, 18.0, 0.0, 8.0, 0.0, 15.0, 0.0, 22.0, 0.0, 3.0, 4.0, 0.0, -264.0, 0.0, 5.0, 0.0, 29.0, 0.0, 6.0, 0.0, 28.0, 0.0, 6.0, 1.0, 0.0, 27.0, 0.0, 8.0, 0.0, 19.0, 7.0, 0.0, 8.0, 0.0, 23.0, 0.0, 11.0, 0.0, 12.0, 0.0, 4.0, 18.0, 0.0, 8.0, 0.0, 15.0, 0.0, 22.0, 0.0, 3.0, 4.0, 0.0, -266.0, 76.0, 120.0, 66.0, -269.0, 0.0, 23.0, 0.0, 26.0, 0.0, 13.0, 0.0]",120.0,-0.21212121212121213,58.09731868971926,12.0,[],0.0,0.0,0.0,0.0,1.2472191289246473,6.666666666666667,7.0,7,10,0,10,0,-42,-42,-70,-42,-42,-42,-42,-42,-42,-42,1667312470.75,1667312545.0,1667312615.0,273.0,0.0,0.0,0.0,0.0,100,100.0,1
B,100,60,40,0.6,0.4,115.0,35.185224171518364,83.5,17.5,"[0.0, 0.0, 10.0, 0.0, 0.0, 10.0, 0.0, 0.0, 10.0, 0.0, 0.0, 10.0, 0.0, 0.0, 10.0, 0.0, 0.0, 10.0, 0.0, 0.0, 10.0, 0.0, 0.0, 10.0, 0.0, 0.0, 10.0, 0.0, 0.0, 10.0, 0.0, 0.0, 10.0, 0.0, 0.0, 10.0, 0.0, 0.0, 10.0, 0.0, 0.0, 10.0, 0.0, 0.0, 10.0, 0.0, 0.0, 10.0, 0.0, 0.0, 10.0, 0.0, 0.0, 10.0, 0.0, 0.0, 10.0, 0.0, 0.0]",10.0,3.2203389830508473,4.672558899013635,10.0,"[0.0, 10.0, 0.0, 10.0, 0.0, 10.0, 0.0, 10.0, 0.0, 10.0, 0.0, 10.0, 0.0, 10.0, 0.0, 10.0, 0.0, 10.0, 0.0, 10.0, 0.0, 10.0, 0.0, 10.0, 0.0, 10.0, 0.0, 10.0, 0.0, 10.0, 0.0, 10.0, 0.0, 10.0, 0.0, 10.0, 0.0, 10.0, 0.0]",10.0,4.871794871794871,4.9983560742610065,10.0,1.0954451150103321,4.0,4.0,5,6,4,6,4,-132,-147,66,101,-66,-132,-147,66,101,-66,1667312752.5,1667312800.0,1667312847.5,190.0,1667312752.5,1667312800.0,1667312847.5,190.0,3,2.857142857142857,21
B,100,100,0,1.0,0.0,42.0,0.0,0.0,0.0,"[120.0, 120.0, -274.0, 0.0, 6.0, 0.0, 16.0, 0.0, 4.0, 0.0, 8.0, 11.0, 0.0, 22.0, 0.0, 3.0, 0.0, 20.0, 0.0, 22.0, 0.0, 1.0, 0.0, 22.0, 0.0, 19.0, 3.0, 0.0, 1.0, 0.0, 29.0, 0.0, 4.0, 0.0, 8.0, 0.0, 18.0, 0.0, 6.0, 0.0, 4.0, 0.0, 21.0, 0.0, 1.0, 0.0, 3.0, 0.0, 22.0, 1.0, 0.0, 3.0, 0.0, 10.0, 0.0, -288.0, 0.0, 22.0, 0.0, 4.0, 0.0, 8.0, 11.0, 0.0, 22.0, 0.0, 3.0, 0.0, 20.0, 0.0, 22.0, 0.0, 1.0, 0.0, 22.0, 0.0, 19.0, 3.0, 0.0, 1.0, 0.0, 29.0, 0.0, 12.0, 0.0, 18.0, 0.0, 6.0, 0.0, 25.0, 0.0, 1.0, 0.0, 25.0, 1.0, 0.0, 3.0, 0.0, -244.0]",120.0,0.0,50.9454055184012,10.5,[],0.0,0.0,0.0,0.0,1.2472191289246473,6.666666666666667,7.0,7,10,0,10,0,-42,-42,-42,-42,-42,-42,-42,-42,-42,-42,1667312768.0,1667312858.0,1667312925.0,288.0,0.0,0.0,0.0,0.0,100,100.0,1
B,100,60,40,0.6,0.4,115.0,35.185224171518364,83.8,17.895809565370325,"[0.0, 0.0, 10.0, 0.0, 0.0, 10.0, 0.0, 0.0, 10.0, 0.0, 0.0, 10.0, 0.0, 0.0, 10.0, 0.0, 0.0, 10.0, 0.0, 0.0, 10.0, 0.0, 0.0, 10.0, 0.0, 0.0, 10.0, 0.0, 0.0, 10.0, 0.0, 0.0, 10.0, 0.0, 0.0, 10.0, 0.0, 0.0, 10.0, 0.0, 0.0, 10.0, 0.0, 0.0, 10.0, 0.0, 0.0, 10.0, 0.0, 0.0, 10.0, 0.0, 0.0, 10.0, 0.0, 0.0, 10.0, 0.0, 0.0]",10.0,3.2203389830508473,4.672558899013635,10.0,"[0.0, 10.0, 0.0, 10.0, 0.0, 10.0, 0.0, 10.0, 0.0, 10.0, 0.0, 10.0, 0.0, 10.0, 0.0, 10.0, 0.0, 10.0, 0.0, 10.0, 0.0, 10.0, 0.0, 10.0, 0.0, 10.0, 0.0, 10.0, 0.0, 10.0, 0.0, 10.0, 0.0, 10.0, 0.0, 10.0, 0.0, 10.0, 0.0]",10.0,4.871794871794871,4.9983560742610065,10.0,1.0954451150103321,4.0,4.0,5,6,4,6,4,-132,-147,66,101,-66,-132,-147,66,101,-66,1667313052.5,1667313100.0,1667313147.5,190.0,1667313052.5,1667313100.0,1667313147.5,190.0,3,2.857142857142857,21
B,100,100,0,1.0,0.0,42.0,0.0,0.0,0.0,"[120.0, -216.0, 0.0, 10.0, 0.0, 10.0, 0.0, 6.0, 0.0, 15.0, 0.0, 4.0, 0.0, 7.0, 0.0, 20.0, 0.0, 4.0, 0.0, 7.0, 0.0, 13.0, 4.0, 0.0, 2.0, 0.0, 11.0, 0.0, 13.0, 0.0, 5.0, 0.0, 12.0, 0.0, 9.0, 0.0, 10.0, 0.0, 42.0, 0.0, 9.0, 0.0, 3.0, 38.0, 0.0, 10.0, 0.0, -264.0, 0.0, 10.0, 0.0, 16.0, 0.0, 15.0, 0.0, 11.0, 0.0, 20.0, 0.0, 4.0, 0.0, 20.0, 4.0, 0.0, 2.0, 0.0, 24.0, 0.0, 5.0, 0.0, 21.0, 0.0, 10.0, 0.0, 42.0, 0.0, 9.0, 0.0, 3.0, 38.0, 0.0, 10.0, 0.0, -168.0, 120.0, -193.0, 0.0, 5.0, 0.0, 23.0, 0.0, 20.0, 0.0, 7.0, 0.0, 18.0, 10.0, 0.0, 8.0]",120.0,0.18181818181818182,47.50425045020319,10.0,[],0.0,0.0,0.0,0.0,1.2472191289246473,6.666666666666667,7.0,7,10,0,10,0,-42,-42,-42,-42,-42,-42,-42,-42,-42,-42,1667313051.0,1667313100.0,1667313152.0,264.0,0.0,0.0,0.0,0.0,100,100.0,1
B,100,60,40,0.6,0.4,115.0,35.185224171518364,83.5,17.5,"[0.0, 0.0, 10.0, 0.0, 0.0, 10.0, 0.0, 0.0, 10.0, 0.0, 0.0, 10.0, 0.0, 0.0, 10.0, 0.0, 0.0, 10.0, 0.0, 0.0, 10.0, 0.0, 0.0, 10.0, 0.0, 0.0, 10.0, 0.0, 0.0, 10.0, 0.0, 0.0, 10.0, 0.0, 0.0, 10.0, 0.0, 0.0, 10.0, 0.0, 0.0, 10.0, 0.0, 0.0, 10.0, 0.0, 0.0, 10.0, 0.0, 0.0, 10.0, 0.0, 0.0, 10.0, 0.0, 0.0, 10.0, 0.0, 0.0]",10.0,3.2203389830508473,4.672558899013635,10.0,"[0.0, 10.0, 0.0, 10.0, 0.0, 10.0, 0.0, 10.0, 0.0, 10.0, 0.0, 10.0, 0.0, 10.0, 0.0, 10.0, 0.0, 10.0, 0.0, 10.0, 0.0, 10.0, 0.0, 10.0, 0.0, 10.0, 0.0, 10.0, 0.0, 10.0, 0.0, 10.0, 0.0, 10.0, 0.0, 10.0, 0.0, 10.0, 0.0]",10.0,4.871794871794871,4.9983560742610065,10.0,1.0954451150103321,4.0,4.0,5,6,4,6,4,-132,-147,66,101,-66,-132,-147,66,101,-66,1667313352.5,1667313400.0,1667313447.5,190.0,1667313352.5,1667313400.0,1667313447.5,190.0,3,2.857142857142857,21
B,100,100,0,1.0,0.0,42.0,0.0,0.0,0.0,"[120.0, 120.0, -272.0, 0.0, 9.0, 0.0, 23.0, 18.0, 0.0, 10.0, 0.0, 40.0, 0.0, 10.0, 0.0, 42.0, 0.0, 0.0, 9.0, 0.0, 40.0, 0.0, 1.0, 0.0, 10.0, 0.0, 14.0, 0.0, 5.0, 0.0, 8.0, 0.0, 13.0, 0.0, 13.0, 0.0, 3.0, 0.0, 4.0, 4.0, 0.0, 16.0, 0.0, -292.0, 0.0, 9.0, 0.0, 23.0, 18.0, 0.0, 10.0, 0.0, 40.0, 0.0, 10.0, 0.0, 42.0, 0.0, 0.0, 9.0, 0.0, 41.0, 0.0, 10.0, 0.0, 14.0, 0.0, 13.0, 0.0, 13.0, 0.0, 13.0, 0.0, 7.0, 4.0, 0.0, 16.0, 0.0, -260.0, 120.0, 120.0, -261.0, 0.0, 14.0, 0.0, 7.0, 18.0, 0.0, 18.0, 0.0, 20.0, 0.0, 23.0, 0.0, 15.0, 0.0, 26.0, 2.0, 0.0]",120.0,1.2323232323232323,61.111725516570814,13.5,[],0.0,0.0,0.0,0.0,1.2472191289246473,6.666666666666667,7.0,7,10,0,10,0,-42,-42,-42,-42,-42,-42,-42,-42,-42,-42,1667313364.0,1667313456.0,1667313543.0,292.0,0.0,0.0,0.0,0.0,100,100.0,1
B,100,60,40,0.6,0.4,115.0,35.185224171518364,83.5,17.5,"[0.0, 0.0, 10.0, 0.0, 0.0, 10.0, 0.0, 0.0, 10.0, 0.0, 0.0, 10.0, 0.0, 0.0, 10.0, 0.0, 0.0, 10.0, 0.0, 0.0, 10.0, 0.0, 0.0, 10.0, 0.0, 0.0, 10.0, 0.0, 0.0, 10.0, 0.0, 0.0, 10.0, 0.0, 0.0, 10.0, 0.0, 0.0, 10.0, 0.0, 0.0, 10.0, 0.0, 0.0, 10.0, 0.0, 0.0, 10.0, 0.0, 0.0, 10.0, 0.0, 0.0, 10.0, 0.0, 0.0, 10.0, 0.0, 0.0]",10.0,3.2203389830508473,4.672558899013635,10.0,"[0.0, 10.0, 0.0, 10.0, 0.0, 10.0, 0.0, 10.0, 0.0, 10.0, 0.0, 10.0, 0.0, 10.0, 0.0, 10.0, 0.0, 10.0, 0.0, 10.0, 0.0, 10.0, 0.0, 10.0, 0.0, 10.0, 0.0, 10.0, 0.0, 10.0, 0.0, 10.0, 0.0, 10.0, 0.0, 10.0, 0.0, 10.0, 0.0]",10.0,4.871794871794871,4.9983560742610065,10.0,1.0954451150103321,4.0,4.0,5,6,4,6,4,-132,-147,66,101,-66,-132,-147,66,101,-66,1667313653.5,1667313701.0,1667313748.5,190.0,1667313653.5,1667313701.0,1667313748.5,190.0,3,2.857142857142857,21
B,100,100,0,1.0,0.0,42.0,0.0,0.0,0.0,"[120.0, -213.0, 0.0, 1.0, 0.0, 18.0, 0.0, 8.0, 0.0, 4.0, 0.0, 15.0, 0.0, 7.0, 0.0, 16.0, 0.0, 4.0, 0.0, 4.0, 0.0, 16.0, 0.0, 0.0, 6.0, 0.0, 2.0, 0.0, 25.0, 0.0, 1.0, 0.0, 4.0, 0.0, 20.0, 0.0, 2.0, 0.0, 9.0, 0.0, 13.0, 0.0, 18.0, 0.0, 6.0, 0.0, 0.0, 0.0, 14.0, 12.0, 0.0, 5.0, 0.0, 4.0, 0.0, 17.0, 0.0, 14.0, 0.0, 10.0, 0.0, 0.0, 0.0, 15.0, 0.0, -289.0, 0.0, 18.0, 0.0, 8.0, 0.0, 19.0, 0.0, 7.0, 0.0, 20.0, 0.0, 4.0, 0.0, 16.0, 6.0, 0.0, 2.0, 0.0, 25.0, 0.0, 1.0, 0.0, 24.0, 0.0, 2.0, 0.0, 22.0, 0.0, 18.0, 0.0, 6.0, 0.0, 14.0]",120.0,1.2121212121212122,39.055845209077326,8.5,[],0.0,0.0,0.0,0.0,1.2472191289246473,6.666666666666667,7.0,7,10,0,10,0,-42,-42,-42,-42,-42,-42,-42,-42,-42,-42,1667313672.0,1667313729.0,1667313797.5,290.0,0.0,0.0,0.0,0.0,100,100.0,1
B,100,60,40,0.6,0.4,115.0,35.185224171518364,83.5,17.5,"[0.0, 0.0, 10.0, 0.0, 0.0, 10.0, 0.0, 0.0, 10.0, 0.0, 0.0, 10.0, 0.0, 0.0, 10.0, 0.0, 0.0, 10.0, 0.0, 0.0, 10.0, 0.0, 0.0, 10.0, 0.0, 0.0, 10.0, 0.0, 0.0, 10.0, 0.0, 0.0, 10.0, 0.0, 0.0, 10.0, 0.0, 0.0, 10.0, 0.0, 0.0, 10.0, 0.0, 0.0, 10.0, 0.0, 0.0, 10.0, 0.0, 0.0, 10.0, 0.0, 0.0, 10.0, 0.0, 0.0, 10.0, 0.0, 0.0]",10.0,3.2203389830508473,4.672558899013635,10.0,"[0.0, 10.0, 0.0, 10.0, 0.0, 10.0, 0.0, 10.0, 0.0, 10.0, 0.0, 10.0, 0.0, 10.0, 0.0, 10.0, 0.0, 10.0, 0.0, 10.0, 0.0, 10.0, 0.0, 10.0, 0.0, 10.0, 0.0, 10.0, 0.0, 10.0, 0.0, 10.0, 0.0, 10.0, 0.0, 10.0, 0.0, 10.0, 0.0]",10.0,4.871794871794871,4.9983560742610065,10.0,1.0954451150103321,4.0,4.0,5,6,4,6,4,-132,-147,66,101,-66,-132,-147,66,101,-66,1667313953.5,1667314001.0,1667314048.5,190.0,1667313953.5,1667314001.0,1667314048.5,190.0,3,2.857142857142857,21
B,100,100,0,1.0,0.0,42.0,0.0,0.0,0.0,"[120.0, 121.0, -273.0, 0.0, 15.0, 0.0, 10.0, 0.0, 1.0, 0.0, 6.0, 20.0, 0.0, 4.0, 0.0, 6.0, 0.0, 16.0, 0.0, 14.0, 0.0, 5.0, 0.0, 7.0, 0.0, 25.0, 0.0, 1.0, 0.0, 8.0, 0.0, 14.0, 2.0, 0.0, 5.0, 0.0, 26.0, 0.0, 1.0, 0.0, 32.0, 0.0, 8.0, 0.0, 6.0, 0.0, 16.0, 0.0, 25.0, 7.0, 0.0, 0.0, 0.0, -280.0, 0.0, 15.0, 0.0, 11.0, 0.0, 6.0, 20.0, 0.0, 4.0, 0.0, 22.0, 0.0, 19.0, 0.0, 7.0, 0.0, 26.0, 0.0, 8.0, 0.0, 14.0, 2.0, 0.0, 31.0, 0.0, 1.0, 0.0, 32.0, 0.0, 14.0, 0.0, 16.0, 0.0, 25.0, 7.0, 0.0, 0.0, 0.0, -248.0, 120.0, 121.0, -266.0, 0.0, 4.0, 0.0]",121.0,-0.21212121212121213,59.798698125633656,12.5,[],0.0,0.0,0.0,0.0,1.2472191289246473,6.666666666666667,7.0,7,10,0,10,0,-42,-42,-42,-42,-42,-42,-42,-42,-42,-42,1667313956.0,1667314034.0,1667314122.0,280.0,0.0,0.0,0.0,0.0,100,100.0,1
B,100,60,40,0.6,0.4,115.0,35.185224171518364,83.5,17.5,"[0.0, 0.0, 10.0, 0.0, 0.0, 10.0, 0.0, 0.0, 10.0, 0.0, 0.0, 10.0, 0.0, 0.0, 10.0, 0.0, 0.0, 10.0, 0.0, 0.0, 10.0, 0.0, 0.0, 10.0, 0.0, 0.0, 10.0, 0.0, 0.0, 10.0, 0.0, 0.0, 10.0, 0.0, 0.0, 10.0, 0.0, 0.0, 10.0, 0.0, 0.0, 10.0, 0.0, 0.0, 10.0, 0.0, 0.0, 10.0, 0.0, 0.0, 10.0, 0.0, 0.0, 10.0, 0.0, 0.0, 10.0, 0.0, 0.0]",10.0,3.2203389830508473,4.672558899013635,10.0,"[0.0, 10.0, 0.0, 10.0, 0.0, 10.0, 0.0, 10.0, 0.0, 10.0, 0.0, 10.0, 0.0, 10.0, 0.0, 10.0, 0.0, 10.0, 0.0, 10.0, 0.0, 10.0, 0.0, 10.0, 0.0, 10.0, 0.0, 10.0, 0.0, 10.0, 0.0, 10.0, 0.0, 10.0, 0.0, 10.0, 0.0, 10.0, 0.0]",10.0,4.871794871794871,4.9983560742610065,10.0,1.0954451150103321,4.0,4.0,5,6,4,6,4,-132,-147,66,101,-66,-132,-147,66,101,-66,1667314253.5,1667314301.0,1667314348.5,190.0,1667314253.5,1667314301.0,1667314348.5,190.0,3,2.857142857142857,21
B,100,100,0,1.0,0.0,42.0,0.0,0.0,0.0,"[120.0, -201.0, 0.0, 12.0, 0.0, 2.0, 0.0, 18.0, 0.0, 11.0, 0.0, 19.0, 0.0, 2.0, 0.0, 17.0, 15.0, 0.0, 9.0, 0.0, 3.0, 0.0, 20.0, 0.0, 28.0, 0.0, 5.0, 0.0, 30.0, 0.0, 10.0, 2.0, 0.0, 20.0, 0.0, 10.0, 0.0, 15.0, 0.0, 5.0, 0.0, 29.0, 0.0, -282.0, 0.0, 14.0, 0.0, 18.0, 0.0, 30.0, 0.0, 2.0, 0.0, 17.0, 15.0, 0.0, 12.0, 0.0, 20.0, 0.0, 28.0, 0.0, 5.0, 0.0, 30.0, 0.0, 10.0, 2.0, 0.0, 20.0, 0.0, 25.0, 0.0, 5.0, 0.0, 29.0, 0.0, -201.0, 120.0, -189.0, 0.0, 6.0, 0.0, 43.0, 0.0, 1.0, 0.0, 19.0, 23.0, 0.0, 7.0, 0.0, 36.0, 0.0, 14.0, 0.0, 27.0, 0.0, 2.0]",120.0,1.101010101010101,49.37273098215513,15.0,[],0.0,0.0,0.0,0.0,1.2472191289246473,6.666666666666667,7.0,7,10,0,10,0,-42,-42,-42,-42,-42,-42,-42,-42,-42,-42,1667314278.0,1667314327.0,1667314417.0,282.0,0.0,0.0,0.0,0.0,100,100.0,1
B,100,60,40,0.6,0.4,115.0,35.185224171518364,83.5,17.5,"[0.0, 0.0, 10.0, 0.0, 0.0, 10.0, 0.0, 0.0, 10.0, 0.0, 0.0, 10.0, 0.0, 0.0, 10.0, 0.0, 0.0, 10.0, 0.0, 0.0, 10.0, 0.0, 0.0, 10.0, 0.0, 0.0, 10.0, 0.0, 0.0, 10.0, 0.0, 0.0, 10.0, 0.0, 0.0, 10.0, 0.0, 0.0, 10.0, 0.0, 0.0, 10.0, 0.0, 0.0, 10.0, 0.0, 0.0, 10.0, 0.0, 0.0, 10.0, 0.0, 0.0, 10.0, 0.0, 0.0, 10.0, 0.0, 0.0]",10.0,3.2203389830508473,4.672558899013635,10.0,"[0.0, 10.0, 0.0, 10.0, 0.0, 10.0, 0.0, 10.0, 0.0, 10.0, 0.0, 10.0, 0.0, 10.0, 0.0, 10.0, 0.0, 10.0, 0.0, 10.0, 0.0, 10.0, 0.0, 10.0, 0.0, 10.0, 0.0, 10.0, 0.0, 10.0, 0.0, 10.0, 0.0, 10.0, 0.0, 10.0, 0.0, 10.0, 0.0]",10.0,4.871794871794871,4.9983560742610065,10.0,1.0954451150103321,4.0,4.0,5,6,4,6,4,-132,-147,66,101,-66,-132,-147,66,101,-66,1667314553.5,1667314601.0,1667314648.5,190.0,1667314553.5,1667314601.0,1667314648.5,190.0,3,2.857142857142857,21
B,100,100,0,1.0,0.0,42.0,0.0,0.0,0.0,"[120.0, 120.0, -268.0, 0.0, 8.0, 0.0, 13.0, 0.0, 7.0, 11.0, 0.0, 6.0, 0.0, 7.0, 0.0, 18.0, 0.0, 14.0, 0.0, 6.0, 0.0, 15.0, 0.0, 11.0, 0.0, 19.0, 0.0, 1.0, 0.0, 10.0, 0.0, 2.0, 18.0, 0.0, 12.0, 0.0, 2.0, 0.0, 17.0, 0.0, 5.0, 0.0, 2.0, 0.0, 18.0, 0.0, 6.0, 0.0, 5.0, 0.0, 11.0, 0.0, 8.0, 0.0, 10.0, 0.0, 2.0, 0.0, 4.0, 10.0, 0.0, 8.0, 0.0, 1.0, 0.0, -287.0, 0.0, 21.0, 0.0, 7.0, 17.0, 0.0, 7.0, 0.0, 32.0, 0.0, 6.0, 0.0, 26.0, 0.0, 19.0, 0.0, 11.0, 0.0, 2.0, 30.0, 0.0, 2.0, 0.0, 22.0, 0.0, 2.0, 0.0, 18.0, 0.0, 6.0, 0.0, 16.0, 0.0]",120.0,2.1818181818181817,43.9329984896339,10.0,[],0.0,0.0,0.0,0.0,1.2472191289246473,6.666666666666667,7.0,7,10,0,10,0,-42,-42,-42,-42,-42,-42,-42,-42,-42,-42,1667314589.5,1667314657.0,1667314731.0,287.0,0.0,0.0,0.0,0.0,100,100.0,1
B,100,60,40,0.6,0.4,115.0,35.185224171518364,83.5,17.5,"[0.0, 0.0, 10.0, 0.0, 0.0, 10.0, 0.0, 0.0, 10.0, 0.0, 0.0, 10.0, 0.0, 0.0, 10.0, 0.0, 0.0, 10.0, 0.0, 0.0, 10.0, 0.0, 0.0, 10.0, 0.0, 0.0, 10.0, 0.0, 0.0, 10.0, 0.0, 0.0, 10.0, 0.0, 0.0, 10.0, 0.0, 0.0, 10.0, 0.0, 0.0, 10.0, 0.0, 0.0, 10.0, 0.0, 0.0, 10.0, 0.0, 0.0, 10.0, 0.0, 0.0, 10.0, 0.0, 0.0, 10.0, 0.0, 0.0]",10.0,3.2203389830508473,4.672558899013635,10.0,"[0.0, 10.0, 0.0, 10.0, 0.0, 10.0, 0.0, 10.0, 0.0, 10.0, 0.0, 10.0, 0.0, 10.0, 0.0, 10.0, 0.0, 10.0, 0.0, 10.0, 0.0, 10.0, 0.0, 10.0, 0.0, 10.0, 0.0, 10.0, 0.0, 10.0, 0.0, 10.0, 0.0, 10.0, 0.0, 10.0, 0.0, 10.0, 0.0]",10.0,4.871794871794871,4.9983560742610065,10.0,1.0954451150103321,4.0,4.0,5,6,4,6,4,-132,-147,66,101,-66,-132,-147,66,101,-66,1667314854.5,1667314902.0,1667314949.5,190.0,1667314854.5,1667314902.0,1667314949.5,190.0,3,2.857142857142857,21
B,100,100,0,1.0,0.0,49.16,35.07669311665511,0.0,0.0,"[109.0, 0.0, 11.0, -206.0, 0.0, 4.0, 0.0, 13.0, 0.0, 7.0, 0.0, 2.0, 0.0, 20.0, 0.0, 4.0, 0.0, 3.0, 0.0, 15.0, 0.0, 8.0, 0.0, 8.0, 0.0, 2.0, 3.0, 0.0, 11.0, 0.0, 11.0, 0.0, 3.0, 0.0, 10.0, 0.0, 8.0, 0.0, 13.0, 0.0, 5.0, 0.0, 3.0, 0.0, 21.0, 0.0, 1.0, 0.0, 20.0, 0.0, 3.0, 0.0, 8.0, 6.0, 0.0, 8.0, 0.0, 23.0, 0.0, 7.0, 0.0, 7.0, 0.0, 9.0, 0.0, 22.0, 0.0, 0.0, 0.0, -288.0, 0.0, 4.0, 0.0, 20.0, 0.0, 2.0, 0.0, 20.0, 0.0, 4.0, 0.0, 18.0, 0.0, 8.0, 0.0, 10.0, 3.0, 0.0, 11.0, 0.0, 11.0, 0.0, 13.0, 0.0, 8.0, 0.0, 18.0, 0.0, 3.0]",109.0,0.6767676767676768,38.04989501646762,8.0,[],0.0,0.0,0.0,0.0,1.2472191289246473,6.666666666666667,7.0,7,10,0,10,0,-42,-221,-221,-42,-42,-42,-42,-42,-42,-42,1667314861.0,1667314922.0,1667314986.0,288.0,0.0,0.0,0.0,0.0,100,100.0,1
B,100,0,11,0.0,0.11,0.0,0.0,201.0,0.0,[],0.0,0.0,0.0,0.0,"[0.0, 0.0, 0.0, 0.0, 0.0, 0.0, 0.0, 0.0, 0.0, 0.0]",0.0,0.0,0.0,0.0,0.0,0.0,0.0,0,0,10,0,0,201,201,201,201,201,201,201,201,201,201,0.0,0.0,0.0,0.0,1667315006.0,1667315006.0,1667315006.0,0.0,0,0.0,0
B,100,60,40,0.6,0.4,115.0,35.185224171518364,83.5,17.5,"[0.0, 0.0, 10.0, 0.0, 0.0, 10.0, 0.0, 0.0, 10.0, 0.0, 0.0, 10.0, 0.0, 0.0, 10.0, 0.0, 0.0, 10.0, 0.0, 0.0, 10.0, 0.0, 0.0, 10.0, 0.0, 0.0, 10.0, 0.0, 0.0, 10.0, 0.0, 0.0, 10.0, 0.0, 0.0, 10.0, 0.0, 0.0, 10.0, 0.0, 0.0, 10.0, 0.0, 0.0, 10.0, 0.0, 0.0, 10.0, 0.0, 0.0, 10.0, 0.0, 0.0, 10.0, 0.0, 0.0, 10.0, 0.0, 0.0]",10.0,3.2203389830508473,4.672558899013635,10.0,"[0.0, 10.0, 0.0, 10.0, 0.0, 10.0, 0.0, 10.0, 0.0, 10.0, 0.0, 10.0, 0.0, 10.0, 0.0, 10.0, 0.0, 10.0, 0.0, 10.0, 0.0, 10.0, 0.0, 10.0, 0.0, 10.0, 0.0, 10.0, 0.0, 10.0, 0.0, 10.0, 0.0, 10.0, 0.0, 10.0, 0.0, 10.0, 0.0]",10.0,4.871794871794871,4.9983560742610065,10.0,1.0954451150103321,4.0,4.0,5,6,4,6,4,-132,-147,66,101,-66,-132,-147,66,101,-66,1667315154.5,1667315202.0,1667315249.5,190.0,1667315154.5,1667315202.0,1667315249.5,190.0,3,2.857142857142857,21
B,100,100,0,1.0,0.0,42.56,3.9199999999999986,0.0,0.0,"[121.0, 44.0, 76.0, -256.0, 0.0, 15.0, 0.0, 0.0, 7.0, 0.0, 23.0, 0.0, 0.0, 0.0, 8.0, 0.0, 14.0, 0.0, 23.0, 0.0, 1.0, 0.0, 21.0, 0.0, 0.0, 0.0, 17.0, 0.0, 6.0, 0.0, 1.0, 21.0, 0.0, 14.0, 0.0, 9.0, 7.0, 0.0, 26.0, 0.0, 6.0, 0.0, 30.0, 0.0, 7.0, 1.0, 0.0, 15.0, 0.0, -272.0, 0.0, 15.0, 0.0, 0.0, 7.0, 0.0, 23.0, 0.0, 8.0, 0.0, 14.0, 0.0, 23.0, 0.0, 1.0, 0.0, 21.0, 0.0, 17.0, 0.0, 6.0, 0.0, 1.0, 21.0, 0.0, 14.0, 0.0, 16.0, 0.0, 26.0, 0.0, 6.0, 0.0, 30.0, 0.0, 7.0, 1.0, 0.0, -242.0, 121.0, 120.0, -259.0, 0.0, 17.0, 0.0, 1.0, 19.0, 0.0, 18.0]",121.0,0.37373737373737376,57.51145443372601,15.0,[],0.0,0.0,0.0,0.0,1.2472191289246473,6.666666666666667,7.0,7,10,0,10,0,-42,-42,-70,-42,-42,-42,-42,-42,-42,-42,1667315167.0,1667315234.0,1667315309.0,275.0,0.0,0.0,0.0,0.0,100,100.0,1
B,100,60,40,0.6,0.4,115.0,35.185224171518364,82.95,17.285760035358585,"[0.0, 0.0, 10.0, 0.0, 0.0, 10.0, 0.0, 0.0, 10.0, 0.0, 0.0, 10.0, 0.0, 0.0, 10.0, 0.0, 0.0, 10.0, 0.0, 0.0, 10.0, 0.0, 0.0, 10.0, 0.0, 0.0, 10.0, 0.0, 0.0, 10.0, 0.0, 0.0, 10.0, 0.0, 0.0, 0.0, 10.0, 0.0, 0.0, 10.0, 0.0, 0.0, 10.0, 0.0, 0.0, 10.0, 0.0, 0.0, 10.0, 0.0, 0.0, 10.0, 0.0, 0.0, 10.0, 0.0, 0.0, 10.0, 0.0]",10.0,3.2203389830508473,4.672558899013634,10.0,"[0.0, 10.0, 0.0, 10.0, 0.0, 10.0, 0.0, 10.0, 0.0, 10.0, 0.0, 10.0, 0.0, 10.0, 0.0, 10.0, 0.0, 10.0, 0.0, 10.0, 0.0, 10.0, 0.0, 0.0, 10.0, 0.0, 10.0, 0.0, 10.0, 0.0, 10.0, 0.0, 10.0, 0.0, 10.0, 0.0, 10.0, 0.0, 10.0]",10.0,4.871794871794871,4.9983560742610065,10.0,1.0954451150103321,4.0,4.0,5,6,4,6,4,-132,-147,66,101,-66,-132,-147,66,101,-66,1667315454.5,1667315502.0,1667315547.0,190.0,1667315454.5,1667315502.0,1667315547.0,190.0,3,2.857142857142857,21
B,100,100,0,1.0,0.0,42.0,0.0,0.0,0.0,"[120.0, -216.0, 0.0, 19.0, 0.0, 12.0, 0.0, 30.0, 0.0, 0.0, 0.0, 29.0, 0.0, 2.0, 0.0, 4.0, 7.0, 0.0, 20.0, 0.0, 22.0, 0.0, 9.0, 0.0, 30.0, 0.0, 3.0, 0.0, 29.0, 9.0, 0.0, 10.0, 0.0, 31.0, 0.0, 19.0, 0.0, -285.0, 0.0, 19.0, 0.0, 12.0, 0.0, 30.0, 0.0, 0.0, 0.0, 31.0, 0.0, 4.0, 7.0, 0.0, 20.0, 0.0, 22.0, 0.0, 9.0, 0.0, 30.0, 0.0, 3.0, 0.0, 29.0, 9.0, 0.0, 10.0, 0.0, 31.0, 0.0, 19.0, 0.0, -189.0, 120.0, -218.0, 0.0, 10.0, 0.0, 26.0, 0.0, 13.0, 0.0, 14.0, 0.0, 27.0, 0.0, 8.0, 1.0, 0.0, 17.0, 0.0, 27.0, 0.0, 5.0, 0.0, 22.0, 0.0, 28.0, 0.0, 1.0]",120.0,1.02020202020202,50.97552983916333,18.0,[],0.0,0.0,0.0,0.0,1.2472191289246473,6.666666666666667,7.0,7,10,0,10,0,-42,-42,-42,-42,-42,-42,-42,-42,-42,-42,1667315463.0,1667315516.0,1667315589.0,287.0,0.0,0.0,0.0,0.0,100,100.0,1
B,100,60,40,0.6,0.4,115.0,35.185224171518364,83.5,17.5,"[0.0, 0.0, 10.0, 0.0, 0.0, 10.0, 0.0, 0.0, 10.0, 0.0, 0.0, 10.0, 0.0, 0.0, 10.0, 0.0, 0.0, 10.0, 0.0, 0.0, 10.0, 0.0, 0.0, 10.0, 0.0, 0.0, 10.0, 0.0, 0.0, 10.0, 0.0, 0.0, 10.0, 0.0, 0.0, 10.0, 0.0, 0.0, 10.0, 0.0, 0.0, 10.0, 0.0, 0.0, 10.0, 0.0, 0.0, -150.0, 0.0, 0.0, 10.0, 0.0, 0.0, 10.0, 0.0, 0.0, 10.0, 0.0, 0.0]",10.0,0.5084745762711864,20.2880718745017,10.0,"[0.0, 10.0, 0.0, 10.0, 0.0, 10.0, 0.0, 10.0, 0.0, 10.0, 0.0, 10.0, 0.0, 10.0, 0.0, 10.0, 0.0, 10.0, 0.0, 10.0, 0.0, 10.0, 0.0, 10.0, 0.0, 10.0, 0.0, 10.0, 0.0, 10.0, 0.0, -150.0, 0.0, 10.0, 0.0, 10.0, 0.0, 10.0, 0.0]",10.0,0.7692307692307693,24.949653446502854,10.0,1.0954451150103321,4.0,4.0,5,6,4,6,4,-132,-147,66,101,-66,-132,-147,66,101,-66,1667315727.0,1667315762.0,1667315809.5,150.0,1667315727.0,1667315762.0,1667315809.5,150.0,3,2.857142857142857,21
B,100,100,0,1.0,0.0,42.28,2.7859648238985355,0.0,0.0,"[120.0, -149.0, 0.0, 28.0, 0.0, 1.0, 12.0, 0.0, 37.0, 0.0, 4.0, 0.0, 41.0, 0.0, 5.0, 0.0, 21.0, -149.0, 0.0, 28.0, 0.0, 1.0, 12.0, 0.0, 37.0, 0.0, 4.0, 0.0, 41.0, 0.0, 5.0, 0.0, 21.0, -120.0, 120.0, -145.0, 0.0, 8.0, 0.0, 17.0, 14.0, 0.0, 0.0, 0.0, 31.0, 0.0, 13.0, 0.0, 17.0, 0.0, 14.0, 7.0, 0.0, 10.0, 0.0, 14.0, -150.0, 0.0, 11.0, 0.0, 11.0, 0.0, 8.0, 0.0, 14.0, 0.0, 11.0, 0.0, 22.0, 0.0, 0.0, 0.0, 22.0, 0.0, 11.0, 0.0, 11.0, 0.0, 22.0, 0.0, 0.0, 0.0, 7.0, 0.0, -120.0, 120.0, -120.0, 120.0, -157.0, 0.0, 0.0, 0.0, 37.0, 120.0, -157.0, 0.0, 0.0, 0.0, 37.0]",120.0,0.0,52.122621545425716,13.5,[],0.0,0.0,0.0,0.0,1.2472191289246473,6.666666666666667,7.0,7,10,0,10,0,-42,-42,-42,-42,-42,-42,-42,-42,-42,-42,1667315737.0,1667315783.0,1667315832.0,157.0,0.0,0.0,0.0,0.0,100,100.0,1
B,100,50,50,0.5,0.5,123.1,40.26524555991185,140.1,16.579806995257815,"[0.0, 1.0, 1.0, 0.0, 1.0, 1.0, 0.0, 1.0, 1.0, 0.0, 1.0, 1.0, 0.0, 1.0, 1.0, 0.0, 1.0, 1.0, 0.0, 1.0, 1.0, 0.0, 1.0, 1.0, 0.0, 1.0, 1.0, 0.0, 1.0, 1.0, 0.0, 1.0, 1.0, 0.0, 1.0, 1.0, 0.0, 1.0, 1.0, 0.0, 1.0, 1.0, 0.0, 1.0, 1.0, 0.0, 1.0, 1.0, 0.0]",1.0,0.6530612244897959,0.4759960730485959,1.0,"[0.0, 1.0, 1.0, 0.0, 1.0, 1.0, 0.0, 1.0, 1.0, 0.0, 1.0, 1.0, 0.0, 1.0, 1.0, 0.0, 1.0, 1.0, 0.0, 1.0, 1.0, 0.0, 1.0, 1.0, 0.0, 1.0, 1.0, 0.0, 1.0, 1.0, 0.0, 1.0, 1.0, 0.0, 1.0, 1.0, 0.0, 1.0, 1.0, 0.0, 1.0, 1.0, 0.0, 1.0, 1.0, 0.0, 1.0, 1.0, 0.0]",1.0,0.6530612244897959,0.4759960730485959,1.0,1.0110500592068734,3.3333333333333335,4.0,4,5,5,5,5,-152,152,-67,117,-152,152,-152,152,-67,117,1665607244.0,1665607252.0,1665607260.0,32.0,1665607244.0,1665607252.0,1665607260.0,32.0,2,1.25,40
B,100,50,50,0.5,0.5,142.0,0.0,142.0,0.0,"[1.0, 1.0, 1.0, 1.0, 1.0, 1.0, 1.0, 1.0, 1.0, 1.0, 1.0, 1.0, 1.0, 1.0, 1.0, 1.0, 1.0, 1.0, 1.0, 1.0, 1.0, 1.0, 1.0, 1.0, 1.0, 1.0, 1.0, 1.0, 1.0, 1.0, 1.0, 1.0, 1.0, 1.0, 1.0, 1.0, 1.0, 1.0, 1.0, 1.0, 1.0, 1.0, 1.0, 1.0, 1.0, 1.0, 1.0, 1.0, 1.0]",1.0,1.0,0.0,1.0,"[1.0, 1.0, 1.0, 1.0, 1.0, 1.0, 1.0, 1.0, 1.0, 1.0, 1.0, 1.0, 1.0, 1.0, 1.0, 1.0, 1.0, 1.0, 1.0, 1.0, 1.0, 1.0, 1.0, 1.0, 1.0, 1.0, 1.0, 1.0, 1.0, 1.0, 1.0, 1.0, 1.0, 1.0, 1.0, 1.0, 1.0, 1.0, 1.0, 1.0, 1.0, 1.0, 1.0, 1.0, 1.0, 1.0, 1.0, 1.0, 1.0]",1.0,1.0,0.0,1.0,0.7888106377466155,3.3333333333333335,3.0,4,5,5,5,5,-142,142,-142,142,-142,142,-142,142,-142,142,1665607248.25,1665607260.5,1665607272.75,49.0,1665607248.25,1665607260.5,1665607272.75,49.0,1,1.0,50
B,100,50,50,0.5,0.5,98.0,0.0,98.0,0.0,"[7.0, 5.0, 3.0, 4.0, 5.0, 7.0, 6.0, 5.0, 6.0, 1.0, 6.0, 6.0, 5.0, 6.0, 6.0, 0.0, 6.0, 7.0, 5.0, 7.0, 6.0, 2.0, 4.0, 6.0, 7.0, 6.0, 5.0, 5.0, 2.0, 6.0, 6.0, 6.0, 6.0, 6.0, 1.0, 5.0, 6.0, 6.0, 7.0, 7.0, 1.0, 5.0, 7.0, 6.0, 6.0, 7.0, 2.0, 4.0, 7.0]",7.0,5.163265306122449,1.8333301780796496,6.0,"[7.0, 5.0, 3.0, 4.0, 5.0, 7.0, 6.0, 5.0, 6.0, 1.0, 6.0, 6.0, 5.0, 6.0, 6.0, 0.0, 6.0, 7.0, 5.0, 7.0, 6.0, 2.0, 4.0, 6.0, 7.0, 6.0, 5.0, 5.0, 2.0, 6.0, 6.0, 6.0, 6.0, 6.0, 1.0, 5.0, 6.0, 6.0, 7.0, 7.0, 1.0, 5.0, 7.0, 6.0, 6.0, 7.0, 2.0, 4.0, 7.0]",7.0,5.163265306122449,1.8333301780796496,6.0,0.7888106377466155,3.3333333333333335,3.0,4,5,5,5,5,98,-98,98,-98,98,-98,-98,98,98,-98,1665607300.25,1665607362.5,1665607424.5,253.0,1665607300.25,1665607362.5,1665607424.5,253.0,2,1.1904761904761905,42
B,100,100,0,1.0,0.0,42.56,3.9199999999999986,0.0,0.0,"[0.0, 4.0, 0.0, 4.0, 0.0, 8.0, 0.0, 8.0, 0.0, 5.0, 8.0, 0.0, 8.0, 0.0, 2.0, 0.0, 21.0, 0.0, 1.0, 0.0, 5.0, 0.0, 1.0, 0.0, 8.0, 0.0, 6.0, 0.0, 20.0, 0.0, 1.0, 0.0, 2.0, 0.0, 3.0, 0.0, 4.0, 0.0, 12.0, 0.0, 15.0, 0.0, 7.0, 0.0, 0.0, 0.0, 7.0, 0.0, 13.0, 0.0, 1.0, 0.0, 9.0, 0.0, 6.0, 0.0, 6.0, 0.0, 10.0, 0.0, 6.0, 0.0, 4.0, 0.0, 5.0, 0.0, 6.0, 0.0, 11.0, 0.0, 13.0, 0.0, -250.0, 0.0, 4.0, 0.0, 25.0, 8.0, 0.0, 10.0, 0.0, 21.0, 0.0, 6.0, 0.0, 15.0, 0.0, 20.0, 0.0, 1.0, 0.0, 21.0, 0.0, 15.0, 0.0, 7.0, 0.0, 20.0, 0.0]",25.0,1.7474747474747474,26.175145676745665,7.0,[],0.0,0.0,0.0,0.0,1.2472191289246473,6.666666666666667,7.0,7,10,0,10,0,-42,-42,-42,-42,-42,-42,-42,-42,-42,-42,1665607293.0,1665607356.0,1665607419.0,250.0,0.0,0.0,0.0,0.0,100,100.0,1
B,100,50,50,0.5,0.5,142.0,0.0,142.0,0.0,"[1.0, 1.0, 1.0, 1.0, 1.0, 1.0, 1.0, 1.0, 1.0, 1.0, 1.0, 1.0, 1.0, 1.0, 1.0, 1.0, 1.0, 1.0, 1.0, 1.0, 1.0, 1.0, 1.0, 1.0, 1.0, 1.0, 1.0, 2.0, 1.0, 1.0, 1.0, 1.0, 1.0, 1.0, 1.0, 1.0, 1.0, 1.0, 1.0, 1.0, 1.0, 1.0, 1.0, 1.0, 1.0, 1.0, 1.0, 1.0, 1.0]",2.0,1.0204081632653061,0.14139190265868387,1.0,"[1.0, 1.0, 1.0, 1.0, 1.0, 1.0, 1.0, 1.0, 1.0, 1.0, 1.0, 1.0, 1.0, 1.0, 1.0, 1.0, 1.0, 1.0, 1.0, 1.0, 1.0, 1.0, 1.0, 1.0, 1.0, 1.0, 1.0, 1.0, 1.0, 1.0, 1.0, 1.0, 1.0, 1.0, 1.0, 1.0, 1.0, 1.0, 1.0, 1.0, 1.0, 1.0, 1.0, 1.0, 1.0, 1.0, 1.0, 1.0, 1.0]",1.0,1.0,0.0,1.0,0.7888106377466155,3.3333333333333335,3.0,4,5,5,5,5,142,-142,142,-142,142,-142,142,-142,142,-142,1665607512.25,1665607524.5,1665607537.75,50.0,1665607512.25,1665607524.5,1665607536.75,49.0,1,1.0,50
B,100,50,50,0.5,0.5,123.1,40.26524555991185,140.1,16.579806995257815,"[0.0, 1.0, 1.0, 0.0, 1.0, 1.0, 0.0, 1.0, 1.0, 0.0, 1.0, 1.0, 0.0, 1.0, 1.0, 0.0, 1.0, 1.0, 0.0, 1.0, 1.0, 0.0, 1.0, 1.0, 0.0, 1.0, 1.0, 0.0, 1.0, 1.0, 0.0, 1.0, 1.0, 0.0, 1.0, 1.0, 0.0, 1.0, 1.0, 0.0, 1.0, 1.0, 1.0, 1.0, 0.0, 1.0, 1.0, 0.0, 1.0]",1.0,0.673469387755102,0.4689438895133085,1.0,"[0.0, 1.0, 1.0, 0.0, 1.0, 1.0, 0.0, 1.0, 1.0, 0.0, 1.0, 1.0, 0.0, 1.0, 1.0, 0.0, 1.0, 1.0, 0.0, 1.0, 1.0, 0.0, 1.0, 1.0, 0.0, 1.0, 1.0, 0.0, 1.0, 1.0, 0.0, 1.0, 1.0, 0.0, 1.0, 1.0, 0.0, 1.0, 1.0, 0.0, 1.0, 1.0, 0.0, 1.0, 1.0, 0.0, 1.0, 1.0, 0.0]",1.0,0.6530612244897959,0.4759960730485959,1.0,0.7888106377466155,3.3333333333333335,3.0,4,5,5,5,5,152,-67,117,-152,152,-152,152,-67,117,-152,1665607508.0,1665607516.0,1665607524.0,33.0,1665607508.0,1665607516.0,1665607524.0,32.0,1,1.0,50
B,100,100,0,1.0,0.0,42.0,0.0,0.0,0.0,"[0.0, 2.0, 0.0, 5.0, 0.0, 11.0, 0.0, 5.0, 0.0, 12.0, 0.0, 4.0, 0.0, 4.0, 0.0, 1.0, 0.0, 21.0, 0.0, 4.0, 0.0, 9.0, 0.0, 3.0, 0.0, 3.0, 0.0, 12.0, 0.0, 9.0, 0.0, 4.0, 0.0, 2.0, 0.0, 6.0, 0.0, 10.0, 0.0, 8.0, 0.0, 2.0, 0.0, 7.0, 0.0, 14.0, 0.0, 2.0, 0.0, 10.0, 0.0, 6.0, 0.0, 8.0, 0.0, 5.0, 0.0, 14.0, 0.0, 6.0, 0.0, 0.0, 0.0, 12.0, 0.0, 13.0, 0.0, 2.0, 0.0, 6.0, 0.0, 0.0, 0.0, 10.0, 0.0, 8.0, 0.0, 8.0, 0.0, 7.0, 0.0, 8.0, 0.0, 2.0, 0.0, -285.0, 0.0, 2.0, 0.0, 21.0, 0.0, 12.0, 0.0, 9.0, 0.0, 21.0, 0.0, 4.0, 0.0]",21.0,0.696969696969697,29.312821528620862,6.0,[],0.0,0.0,0.0,0.0,1.2472191289246473,6.666666666666667,7.0,7,10,0,10,0,-42,-42,-42,-42,-42,-42,-42,-42,-42,-42,1665607546.0,1665607616.0,1665607711.0,285.0,0.0,0.0,0.0,0.0,100,100.0,1
B,100,50,50,0.5,0.5,98.0,0.0,98.0,0.0,"[6.0, 4.0, 2.0, 7.0, 5.0, 6.0, 7.0, 6.0, 0.0, 7.0, 6.0, 6.0, 7.0, 6.0, 0.0, 6.0, 6.0, 6.0, 6.0, 6.0, 1.0, 5.0, 6.0, 6.0, 6.0, 7.0, 3.0, 3.0, 6.0, 6.0, 7.0, 6.0, 5.0, 1.0, 6.0, 7.0, 6.0, 7.0, 5.0, 1.0, 6.0, 6.0, 6.0, 7.0, 6.0, 1.0, 5.0, 6.0, 6.0]",7.0,5.183673469387755,1.9761172958220743,6.0,"[6.0, 4.0, 2.0, 7.0, 5.0, 6.0, 7.0, 6.0, 0.0, 7.0, 6.0, 6.0, 7.0, 6.0, 0.0, 6.0, 6.0, 6.0, 6.0, 6.0, 1.0, 5.0, 6.0, 6.0, 6.0, 7.0, 3.0, 3.0, 6.0, 6.0, 7.0, 6.0, 5.0, 1.0, 6.0, 7.0, 6.0, 7.0, 5.0, 1.0, 6.0, 6.0, 6.0, 7.0, 6.0, 1.0, 5.0, 6.0, 6.0]",7.0,5.183673469387755,1.9761172958220743,6.0,0.7888106377466155,3.3333333333333335,3.0,4,5,5,5,5,98,-98,98,-98,-98,98,98,-98,98,-98,1665607566.75,1665607629.0,1665607693.5,254.0,1665607566.75,1665607629.0,1665607693.5,254.0,2,1.1904761904761905,42
