label,total_packets,num_incoming,num_outgoing,fraction_incoming,fraction_outgoing,incoming_mean_size,incoming_std_size,outgoing_mean_size,outgoing_std_size,incoming_iats,incoming_max_iat,incoming_mean_iat,incoming_std_iat,incoming_q3_iat,outgoing_iats,outgoing_max_iat,outgoing_mean_iat,outgoing_std_iat,outgoing_q3_iat,chunk_std,chunk_mean,chunk_median,chunk_max,first_10_incoming,first_10_outgoing,last_10_incoming,last_10_outgoing,packet_1_length_direction,packet_2_length_direction,packet_3_length_direction,packet_4_length_direction,packet_5_length_direction,packet_6_length_direction,packet_7_length_direction,packet_8_length_direction,packet_9_length_direction,packet_10_length_direction,incoming_q1_time,incoming_q2_time,incoming_q3_time,incoming_total_time,outgoing_q1_time,outgoing_q2_time,outgoing_q3_time,outgoing_total_time,max_burst,mean_burst,num_bursts
B,100,60,40,0.6,0.4,115.0,35.185224171518364,83.8,17.895809565370325,"[0.0, 0.0, 10.0, 0.0, 0.0, 10.0, 0.0, 0.0, 10.0, 0.0, 0.0, 10.0, 0.0, 0.0, 10.0, 0.0, 0.0, 10.0, 0.0, 0.0, 10.0, 0.0, 0.0, 10.0, 0.0, 0.0, 10.0, 0.0, 0.0, 10.0, 0.0, 0.0, 10.0, 0.0, 0.0, 10.0, 0.0, 0.0, 10.0, 0.0, 0.0, 10.0, 0.0, 0.0, 10.0, 0.0, 0.0, 10.0, 0.0, 0.0, 10.0, 0.0, 0.0, 10.0, 0.0, 0.0, 10.0, 0.0, 0.0]",10.0,3.2203389830508473,4.672558899013635,10.0,"[0.0, 10.0, 0.0, 10.0, 0.0, 10.0, 0.0, 10.0, 0.0, 10.0, 0.0, 10.0, 0.0, 10.0, 0.0, 10.0, 0.0, 10.0, 0.0, 10.0, 0.0, 10.0, 0.0, 10.0, 0.0, 10.0, 0.0, 10.0, 0.0, 10.0, 0.0, 10.0, 0.0, 10.0, 0.0, 10.0, 0.0, 10.0, 0.0]",10.0,4.871794871794871,4.9983560742610065,10.0,1.0954451150103321,4.0,4.0,5,6,4,6,4,-132,-147,66,101,-66,-132,-147,66,101,-66,1666386920.5,1666386968.0,1666387015.5,190.0,1666386920.5,1666386968.0,1666387015.5,190.0,3,2.857142857142857,21
M,100,30,30,0.3,0.3,110.13333333333334,87.38410737784201,96.66666666666667,41.24021769529782,"[0.0, 0.0, 0.0, 0.0, 0.0, 0.0, 0.0, 0.0, 0.0, 0.0, 0.0, 0.0, 0.0, 0.0, 0.0, 0.0, 0.0, 0.0, 0.0, 0.0, 0.0, 0.0, 0.0, 0.0, 0.0, 0.0, 0.0, 0.0, 0.0]",0.0,0.0,0.0,0.0,"[0.0, 0.0, 0.0, 0.0, 0.0, 0.0, 0.0, 0.0, 0.0, 0.0, 0.0, 0.0, 0.0, 0.0, 0.0, 0.0, 0.0, 0.0, 0.0, 0.0, 0.0, 0.0, 0.0, 0.0, 0.0, 0.0, 0.0, 0.0, 0.0]",0.0,0.0,0.0,0.0,1.6733200530681511,2.0,3.0,4,4,6,0,0,66,-66,66,74,-74,66,-81,66,90,-66,1666386946.0,1666386946.0,1666386946.0,0.0,1666386946.0,1666386946.0,1666386946.0,0.0,4,1.5,20
B,100,15,13,0.15,0.13,107.0,63.944767833915336,119.53846153846153,94.46091205004026,"[0.0, 0.0, 0.0, 0.0, 0.0, 0.0, 0.0, 0.0, 0.0, 0.0, 0.0, 0.0, 0.0, 0.0]",0.0,0.0,0.0,0.0,"[0.0, 0.0, 0.0, 0.0, 0.0, 0.0, 0.0, 0.0, 0.0, 0.0, 0.0, 0.0]",0.0,0.0,0.0,0.0,1.7126976771553504,1.0,0.0,5,6,4,0,0,-66,-74,74,-66,66,-90,-66,66,-93,66,1666386946.0,1666386946.0,1666386946.0,0.0,1666386946.0,1666386946.0,1666386946.0,0.0,3,1.6666666666666667,9
B,100,100,0,1.0,0.0,42.0,0.0,0.0,0.0,"[0.0, 0.0, 0.0, 0.0, 0.0, 0.0, 0.0, 21.0, 11.0, 8.0, -91.0, 0.0, 1.0, 0.0, 12.0, 0.0, 18.0, 0.0, 6.0, 0.0, 4.0, 0.0, 8.0, 0.0, 6.0, 0.0, 10.0, 0.0, 4.0, 0.0, 3.0, 11.0, 8.0, 1.0, 0.0, 0.0, 0.0, 4.0, 0.0, 0.0, 0.0, 11.0, 0.0, 13.0, 0.0, 3.0, 0.0, 8.0, 0.0, 13.0, 0.0, 3.0, 0.0, 4.0, 0.0, 14.0, 0.0, 9.0, 0.0, 1.0, 0.0, 6.0, 0.0, 19.0, 0.0, 0.0, 0.0, 4.0, 0.0, -221.0, 0.0, 18.0, 0.0, 12.0, 0.0, 28.0, 0.0, 8.0, 0.0, 20.0, 0.0, 3.0, 11.0, 8.0, 5.0, 0.0, 0.0, 0.0, 27.0, 0.0, 8.0, 0.0, 20.0, 0.0, 14.0, 0.0, 16.0, 0.0, 19.0]",28.0,1.505050505050505,25.358191049053115,8.0,[],0.0,0.0,0.0,0.0,1.2472191289246473,6.666666666666667,7.0,7,10,0,10,0,-42,-42,-42,-42,-42,-42,-42,-42,-42,-42,1666386951.0,1666386992.0,1666387044.75,221.0,0.0,0.0,0.0,0.0,100,100.0,1
B,100,100,0,1.0,0.0,53.02,42.530690095506316,0.0,0.0,"[1.0, 0.0, 119.0, 121.0, 120.0, -361.0, 1.0, 0.0, 4.0, 0.0, 26.0, 0.0, 2.0, 0.0, 18.0, 0.0, 11.0, 0.0, 3.0, 0.0, 16.0, 0.0, 8.0, 0.0, 12.0, 0.0, 11.0, 0.0, 6.0, 0.0, 2.0, 16.0, 0.0, 6.0, 0.0, 4.0, 0.0, 2.0, 22.0, 0.0, 3.0, 0.0, 6.0, 0.0, 36.0, 0.0, 11.0, 0.0, 15.0, 19.0, 0.0, 18.0, 0.0, 28.0, 0.0, 22.0, 0.0, 23.0, 0.0, 10.0, 19.0, 0.0, -380.0, 1.0, 0.0, 4.0, 0.0, 26.0, 0.0, 2.0, 0.0, 29.0, 0.0, 3.0, 0.0, 24.0, 0.0, 12.0, 0.0, 17.0, 0.0, 2.0, 16.0, 0.0, 10.0, 0.0, 24.0, 0.0, 3.0, 0.0, 42.0, 0.0, 11.0, 0.0, 15.0, 19.0, 0.0, 18.0, 0.0]",121.0,2.808080808080808,57.79110357029237,15.0,[],0.0,0.0,0.0,0.0,1.2472191289246473,6.666666666666667,7.0,7,10,0,10,0,-42,-221,-221,-42,-42,-42,-42,-221,-221,-42,1667300667.0,1667300733.0,1667300822.75,380.0,0.0,0.0,0.0,0.0,100,100.0,1
B,100,0,11,0.0,0.11,0.0,0.0,201.0,0.0,[],0.0,0.0,0.0,0.0,"[0.0, 0.0, 0.0, 0.0, 0.0, 0.0, 0.0, 0.0, 0.0, 0.0]",0.0,0.0,0.0,0.0,0.0,0.0,0.0,0,0,10,0,0,201,201,201,201,201,201,201,201,201,201,0.0,0.0,0.0,0.0,1667300606.0,1667300606.0,1667300606.0,0.0,0,0.0,0
B,100,60,40,0.6,0.4,115.0,35.185224171518364,83.5,17.5,"[0.0, 0.0, 10.0, 0.0, 0.0, 10.0, 0.0, 0.0, 10.0, 0.0, 0.0, 10.0, 0.0, 0.0, 10.0, 0.0, 0.0, 10.0, 0.0, 0.0, 10.0, 0.0, 0.0, 10.0, 0.0, 0.0, 10.0, 0.0, 0.0, 10.0, 0.0, 0.0, 10.0, 0.0, 0.0, 10.0, 0.0, 0.0, 10.0, 0.0, 0.0, 10.0, 0.0, 0.0, 11.0, 0.0, 0.0, 10.0, 0.0, 0.0, 10.0, 0.0, 0.0, 10.0, 0.0, 0.0, 10.0, 0.0, 0.0]",11.0,3.23728813559322,4.698860240637688,10.0,"[0.0, 10.0, 0.0, 10.0, 0.0, 10.0, 0.0, 10.0, 0.0, 10.0, 0.0, 10.0, 0.0, 10.0, 0.0, 10.0, 0.0, 10.0, 0.0, 10.0, 0.0, 10.0, 0.0, 10.0, 0.0, 10.0, 0.0, 10.0, 0.0, 11.0, 0.0, 10.0, 0.0, 10.0, 0.0, 10.0, 0.0, 10.0, 0.0]",11.0,4.897435897435898,5.027079856827073,10.0,1.0954451150103321,4.0,4.0,5,6,4,6,4,-132,-147,66,101,-66,-132,-147,66,101,-66,1667300661.5,1667300709.0,1667300756.75,191.0,1667300661.5,1667300709.0,1667300756.75,191.0,3,2.857142857142857,21
B,100,60,40,0.6,0.4,115.0,35.185224171518364,83.8,17.895809565370325,"[0.0, 0.0, 10.0, 0.0, 0.0, 10.0, 0.0, 0.0, 10.0, 0.0, 0.0, 10.0, 0.0, 0.0, 10.0, 0.0, 0.0, 10.0, 0.0, 0.0, 10.0, 0.0, 0.0, 10.0, 0.0, 0.0, 10.0, 0.0, 0.0, 10.0, 0.0, 0.0, 10.0, 0.0, 0.0, 10.0, 0.0, 0.0, 10.0, 0.0, 0.0, 10.0, 0.0, 0.0, 10.0, 0.0, 0.0, 10.0, 0.0, 0.0, 10.0, 0.0, 0.0, 10.0, 0.0, 0.0, 10.0, 0.0, 0.0]",10.0,3.2203389830508473,4.672558899013635,10.0,"[0.0, 10.0, 0.0, 10.0, 0.0, 10.0, 0.0, 10.0, 0.0, 10.0, 0.0, 10.0, 0.0, 10.0, 0.0, 10.0, 0.0, 10.0, 0.0, 10.0, 0.0, 10.0, 0.0, 10.0, 0.0, 10.0, 0.0, 10.0, 0.0, 10.0, 0.0, 10.0, 0.0, 10.0, 0.0, 10.0, 0.0, 10.0, 0.0]",10.0,4.871794871794871,4.9983560742610065,10.0,1.0954451150103321,4.0,4.0,5,6,4,6,4,-132,-147,66,101,-66,-132,-147,66,101,-66,1667301052.5,1667301100.0,1667301147.5,190.0,1667301052.5,1667301100.0,1667301147.5,190.0,3,2.857142857142857,21
B,100,100,0,1.0,0.0,42.28,2.7859648238985355,0.0,0.0,"[71.0, 120.0, 120.0, 120.0, 120.0, -565.0, 0.0, 36.0, 0.0, 9.0, 0.0, 40.0, 3.0, 0.0, 2.0, 0.0, 39.0, 0.0, 1.0, 0.0, 38.0, 0.0, 2.0, 0.0, 35.0, 1.0, 0.0, 6.0, 0.0, 26.0, 0.0, 7.0, 0.0, 7.0, 0.0, 32.0, 0.0, 10.0, 0.0, 29.0, 0.0, 2.0, 9.0, 0.0, 1.0, 0.0, 27.0, 0.0, 12.0, 0.0, 27.0, 0.0, 10.0, 0.0, 5.0, 0.0, 26.0, 0.0, 3.0, 11.0, 0.0, 4.0, 0.0, 10.0, 0.0, 17.0, 0.0, 9.0, 0.0, 14.0, 0.0, 9.0, 0.0, 3.0, 0.0, 26.0, 0.0, 8.0, 0.0, 3.0, 0.0, 6.0, 9.0, 0.0, 13.0, 0.0, -587.0, 0.0, 36.0, 0.0, 9.0, 0.0, 40.0, 3.0, 0.0, 2.0, 0.0, 39.0, 0.0]",120.0,1.1616161616161615,86.75982255346787,10.5,[],0.0,0.0,0.0,0.0,1.2472191289246473,6.666666666666667,7.0,7,10,0,10,0,-70,-42,-42,-42,-42,-42,-42,-42,-42,-42,1667301130.0,1667301309.5,1667301461.0,587.0,0.0,0.0,0.0,0.0,100,100.0,1
B,100,60,40,0.6,0.4,115.0,35.185224171518364,83.5,17.5,"[0.0, 0.0, 10.0, 0.0, 0.0, 10.0, 0.0, 0.0, 10.0, 0.0, 0.0, 10.0, 0.0, 0.0, 10.0, 0.0, 0.0, 10.0, 0.0, 0.0, 10.0, 0.0, 0.0, 10.0, 0.0, 0.0, 10.0, 0.0, 0.0, 10.0, 0.0, 0.0, 10.0, 0.0, 0.0, 10.0, 0.0, 0.0, 10.0, 0.0, 0.0, 10.0, 0.0, 0.0, 10.0, 0.0, 0.0, 10.0, 0.0, 0.0, 10.0, 0.0, 0.0, 10.0, 0.0, 0.0, 10.0, 0.0, 0.0]",10.0,3.2203389830508473,4.672558899013635,10.0,"[0.0, 10.0, 0.0, 10.0, 0.0, 10.0, 0.0, 10.0, 0.0, 10.0, 0.0, 10.0, 0.0, 10.0, 0.0, 10.0, 0.0, 10.0, 0.0, 10.0, 0.0, 10.0, 0.0, 10.0, 0.0, 10.0, 0.0, 10.0, 0.0, 10.0, 0.0, 10.0, 0.0, 10.0, 0.0, 10.0, 0.0, 10.0, 0.0]",10.0,4.871794871794871,4.9983560742610065,10.0,1.0954451150103321,4.0,4.0,5,6,4,6,4,-132,-147,66,101,-66,-132,-147,66,101,-66,1667301652.5,1667301700.0,1667301747.5,190.0,1667301652.5,1667301700.0,1667301747.5,190.0,3,2.857142857142857,21
B,100,100,0,1.0,0.0,42.56,3.9199999999999986,0.0,0.0,"[116.0, 4.0, 121.0, 120.0, 120.0, -566.0, 0.0, 8.0, 0.0, 9.0, 0.0, 9.0, 0.0, 26.0, 0.0, 2.0, 0.0, 3.0, 0.0, 21.0, 0.0, 5.0, 0.0, 2.0, 21.0, 0.0, 12.0, 0.0, 23.0, 0.0, 17.0, 0.0, 2.0, 0.0, 16.0, 0.0, 24.0, 0.0, 1.0, 4.0, 5.0, 0.0, 32.0, 0.0, 3.0, 0.0, 12.0, 0.0, 23.0, 0.0, 2.0, 0.0, 33.0, 0.0, 9.0, 0.0, 2.0, 24.0, 0.0, 16.0, 0.0, 18.0, 0.0, 2.0, 0.0, 22.0, 0.0, 22.0, 0.0, 12.0, 0.0, 4.0, 30.0, 0.0, 0.0, 0.0, 1.0, 0.0, 33.0, 0.0, 4.0, 0.0, 10.0, 0.0, 20.0, 0.0, 22.0, 5.0, 0.0, 10.0, 0.0, -581.0, 0.0, 8.0, 0.0, 18.0, 0.0, 26.0, 0.0]",121.0,-0.3333333333333333,85.74309761070444,14.0,[],0.0,0.0,0.0,0.0,1.2472191289246473,6.666666666666667,7.0,7,10,0,10,0,-42,-70,-42,-42,-42,-42,-42,-42,-42,-42,1667301684.0,1667301844.5,1667302031.0,581.0,0.0,0.0,0.0,0.0,100,100.0,1
B,100,60,40,0.6,0.4,115.0,35.185224171518364,83.5,17.5,"[0.0, 0.0, 10.0, 0.0, 0.0, 10.0, 0.0, 0.0, 10.0, 0.0, 0.0, 10.0, 0.0, 0.0, 10.0, 0.0, 0.0, 10.0, 0.0, 0.0, 10.0, 0.0, 0.0, 10.0, 0.0, 0.0, 10.0, 0.0, 0.0, 10.0, 0.0, 0.0, 10.0, 0.0, 0.0, 10.0, 0.0, 0.0, 10.0, 0.0, 0.0, 10.0, 0.0, 0.0, 10.0, 0.0, 0.0, 10.0, 0.0, 0.0, 10.0, 0.0, 0.0, 10.0, 0.0, 0.0, 10.0, 0.0, 0.0]",10.0,3.2203389830508473,4.672558899013635,10.0,"[0.0, 10.0, 0.0, 10.0, 0.0, 10.0, 0.0, 10.0, 0.0, 10.0, 0.0, 10.0, 0.0, 10.0, 0.0, 10.0, 0.0, 10.0, 0.0, 10.0, 0.0, 10.0, 0.0, 10.0, 0.0, 10.0, 0.0, 10.0, 0.0, 10.0, 0.0, 10.0, 0.0, 10.0, 0.0, 10.0, 0.0, 10.0, 0.0]",10.0,4.871794871794871,4.9983560742610065,10.0,1.0954451150103321,4.0,4.0,5,6,4,6,4,-132,-147,66,101,-66,-132,-147,66,101,-66,1667302253.5,1667302301.0,1667302348.5,190.0,1667302253.5,1667302301.0,1667302348.5,190.0,3,2.857142857142857,21
B,100,100,0,1.0,0.0,42.0,0.0,0.0,0.0,"[120.0, 120.0, 120.0, 120.0, -559.0, 0.0, 7.0, 0.0, 4.0, 0.0, 30.0, 0.0, 17.0, 0.0, 17.0, 0.0, 4.0, 25.0, 0.0, 1.0, 0.0, 11.0, 0.0, 11.0, 0.0, 23.0, 0.0, 8.0, 0.0, 15.0, 0.0, 22.0, 0.0, 4.0, 1.0, 0.0, 18.0, 0.0, 23.0, 0.0, 1.0, 0.0, 21.0, 0.0, 21.0, 0.0, 2.0, 0.0, 15.0, 0.0, 7.0, 0.0, 11.0, 7.0, 0.0, 5.0, 0.0, 22.0, 0.0, 15.0, 0.0, 8.0, 0.0, 42.0, 0.0, 1.0, 0.0, 20.0, 23.0, 0.0, 6.0, 0.0, 37.0, 0.0, 13.0, 0.0, 30.0, 0.0, 11.0, 9.0, 0.0, 23.0, 0.0, -584.0, 0.0, 4.0, 0.0, 30.0, 0.0, 17.0, 0.0, 17.0, 0.0, 4.0, 26.0, 0.0, 11.0, 0.0, 11.0]",120.0,0.48484848484848486,85.64483434054542,16.0,[],0.0,0.0,0.0,0.0,1.2472191289246473,6.666666666666667,7.0,7,10,0,10,0,-42,-42,-42,-42,-42,-42,-42,-42,-42,-42,1667302305.75,1667302417.0,1667302576.0,591.0,0.0,0.0,0.0,0.0,100,100.0,1
B,100,60,40,0.6,0.4,115.0,35.185224171518364,83.5,17.5,"[0.0, 0.0, 10.0, 0.0, 0.0, 10.0, 0.0, 0.0, 10.0, 0.0, 0.0, 10.0, 0.0, 0.0, 10.0, 0.0, 0.0, 10.0, 0.0, 0.0, 10.0, 0.0, 0.0, 10.0, 0.0, 0.0, 10.0, 0.0, 0.0, 10.0, 0.0, 0.0, 10.0, 0.0, 0.0, 10.0, 0.0, 0.0, 10.0, 0.0, 0.0, 10.0, 0.0, 0.0, 10.0, 0.0, 0.0, 10.0, 0.0, 0.0, 10.0, 0.0, 0.0, 10.0, 0.0, 0.0, 10.0, 0.0, 0.0]",10.0,3.2203389830508473,4.672558899013635,10.0,"[0.0, 10.0, 0.0, 10.0, 0.0, 10.0, 0.0, 10.0, 0.0, 10.0, 0.0, 10.0, 0.0, 10.0, 0.0, 10.0, 0.0, 10.0, 0.0, 10.0, 0.0, 10.0, 0.0, 10.0, 0.0, 10.0, 0.0, 10.0, 0.0, 10.0, 0.0, 10.0, 0.0, 10.0, 0.0, 10.0, 0.0, 10.0, 0.0]",10.0,4.871794871794871,4.9983560742610065,10.0,1.0954451150103321,4.0,4.0,5,6,4,6,4,-132,-147,66,101,-66,-132,-147,66,101,-66,1667302853.5,1667302901.0,1667302948.5,190.0,1667302853.5,1667302901.0,1667302948.5,190.0,3,2.857142857142857,21
B,100,100,0,1.0,0.0,42.0,0.0,0.0,0.0,"[120.0, 120.0, 121.0, 120.0, -542.0, 0.0, 16.0, 0.0, 36.0, 0.0, 7.0, 0.0, 2.0, 34.0, 0.0, 7.0, 0.0, 0.0, 0.0, 29.0, 0.0, 1.0, 0.0, 11.0, 0.0, 19.0, 0.0, 0.0, 0.0, 19.0, 3.0, 0.0, 6.0, 0.0, 3.0, 0.0, 27.0, 0.0, 4.0, 0.0, 1.0, 0.0, 25.0, 0.0, 4.0, 0.0, 12.0, 0.0, 12.0, 0.0, 12.0, 0.0, 11.0, 6.0, 0.0, 1.0, 0.0, 13.0, 0.0, 17.0, 0.0, 10.0, 0.0, 10.0, 0.0, 8.0, 0.0, 22.0, 0.0, 4.0, 0.0, 4.0, 0.0, 17.0, 0.0, 5.0, 0.0, 4.0, 14.0, 0.0, 4.0, 0.0, 4.0, 0.0, 18.0, 0.0, 18.0, 0.0, 1.0, 0.0, 3.0, 0.0, 22.0, 0.0, 6.0, 0.0, 14.0, 0.0, 2.0]",121.0,4.717171717171717,60.22701840151287,11.0,[],0.0,0.0,0.0,0.0,1.2472191289246473,6.666666666666667,7.0,7,10,0,10,0,-42,-42,-42,-42,-42,-42,-42,-42,-42,-42,1667302988.0,1667303121.5,1667303244.0,542.0,0.0,0.0,0.0,0.0,100,100.0,1
B,100,60,40,0.6,0.4,115.0,35.185224171518364,83.5,17.5,"[0.0, 0.0, 10.0, 0.0, 0.0, 10.0, 0.0, 0.0, 10.0, 0.0, 0.0, 10.0, 0.0, 0.0, 10.0, 0.0, 0.0, 10.0, 0.0, 0.0, 10.0, 0.0, 0.0, 10.0, 0.0, 0.0, 10.0, 0.0, 0.0, 10.0, 0.0, 0.0, 10.0, 0.0, 0.0, 10.0, 0.0, 0.0, 10.0, 0.0, 0.0, 10.0, 0.0, 0.0, 10.0, 0.0, 0.0, 10.0, 0.0, 0.0, 10.0, 0.0, 0.0, 10.0, 0.0, 0.0, 10.0, 0.0, 0.0]",10.0,3.2203389830508473,4.672558899013635,10.0,"[0.0, 10.0, 0.0, 10.0, 0.0, 10.0, 0.0, 10.0, 0.0, 10.0, 0.0, 10.0, 0.0, 10.0, 0.0, 10.0, 0.0, 10.0, 0.0, 10.0, 0.0, 10.0, 0.0, 10.0, 0.0, 10.0, 0.0, 10.0, 0.0, 10.0, 0.0, 10.0, 0.0, 10.0, 0.0, 10.0, 0.0, 10.0, 0.0]",10.0,4.871794871794871,4.9983560742610065,10.0,1.0954451150103321,4.0,4.0,5,6,4,6,4,-132,-147,66,101,-66,-132,-147,66,101,-66,1667303454.5,1667303502.0,1667303549.5,190.0,1667303454.5,1667303502.0,1667303549.5,190.0,3,2.857142857142857,21
B,100,100,0,1.0,0.0,42.0,0.0,0.0,0.0,"[120.0, 120.0, 120.0, 120.0, -564.0, 0.0, 16.0, 0.0, 14.0, 0.0, 8.0, 0.0, 0.0, 0.0, 22.0, 0.0, 1.0, 0.0, 21.0, 0.0, 1.0, 0.0, 1.0, 7.0, 0.0, 37.0, 0.0, 0.0, 0.0, 22.0, 0.0, 23.0, 0.0, 1.0, 0.0, 22.0, 0.0, 8.0, 14.0, 0.0, 2.0, 0.0, 20.0, 0.0, 23.0, 0.0, 3.0, 0.0, 20.0, 0.0, 22.0, 0.0, 2.0, 0.0, 14.0, 6.0, 0.0, 23.0, 0.0, 3.0, 0.0, 20.0, 0.0, 22.0, 0.0, 2.0, 0.0, 15.0, 0.0, 7.0, 0.0, 17.0, 0.0, 5.0, 2.0, 0.0, 6.0, 0.0, 18.0, 0.0, 10.0, 0.0, 3.0, 0.0, 12.0, 0.0, 19.0, 0.0, 4.0, 0.0, 3.0, 0.0, 21.0, 0.0, 9.0, 0.0, 11.0, 0.0, 2.0]",120.0,4.848484848484849,62.256777430960504,14.0,[],0.0,0.0,0.0,0.0,1.2472191289246473,6.666666666666667,7.0,7,10,0,10,0,-42,-42,-42,-42,-42,-42,-42,-42,-42,-42,1667303532.0,1667303713.0,1667303850.0,564.0,0.0,0.0,0.0,0.0,100,100.0,1
B,100,60,40,0.6,0.4,115.0,35.185224171518364,83.5,17.5,"[0.0, 0.0, 10.0, 0.0, 0.0, 10.0, 0.0, 0.0, 10.0, 0.0, 0.0, 10.0, 0.0, 0.0, 10.0, 0.0, 0.0, 10.0, 0.0, 0.0, 10.0, 0.0, 0.0, 10.0, 0.0, 0.0, 10.0, 0.0, 0.0, 10.0, 0.0, 0.0, 10.0, 0.0, 0.0, 10.0, 0.0, 0.0, 10.0, 0.0, 0.0, 10.0, 0.0, 0.0, 10.0, 0.0, 0.0, 10.0, 0.0, 0.0, 10.0, 0.0, 0.0, 10.0, 0.0, 0.0, 10.0, 0.0, 0.0]",10.0,3.2203389830508473,4.672558899013635,10.0,"[0.0, 10.0, 0.0, 10.0, 0.0, 10.0, 0.0, 10.0, 0.0, 10.0, 0.0, 10.0, 0.0, 10.0, 0.0, 10.0, 0.0, 10.0, 0.0, 10.0, 0.0, 10.0, 0.0, 10.0, 0.0, 10.0, 0.0, 10.0, 0.0, 10.0, 0.0, 10.0, 0.0, 10.0, 0.0, 10.0, 0.0, 10.0, 0.0]",10.0,4.871794871794871,4.9983560742610065,10.0,1.0954451150103321,4.0,4.0,5,6,4,6,4,-132,-147,66,101,-66,-132,-147,66,101,-66,1667304054.5,1667304102.0,1667304149.5,190.0,1667304054.5,1667304102.0,1667304149.5,190.0,3,2.857142857142857,21
B,100,100,0,1.0,0.0,49.72,35.181267742933876,0.0,0.0,"[118.0, 0.0, 3.0, 120.0, 120.0, 105.0, 15.0, -562.0, 0.0, 9.0, 0.0, 1.0, 0.0, 24.0, 0.0, 7.0, 0.0, 5.0, 0.0, 11.0, 0.0, 20.0, 0.0, 2.0, 0.0, 2.0, 0.0, 0.0, 37.0, 0.0, 5.0, 0.0, 2.0, 0.0, 25.0, 0.0, 4.0, 4.0, 0.0, 18.0, 0.0, 22.0, 0.0, 1.0, 0.0, 3.0, 1.0, 0.0, 20.0, 0.0, 6.0, 0.0, 9.0, 0.0, 18.0, 0.0, 22.0, 0.0, 5.0, 0.0, 26.0, 0.0, 9.0, 0.0, 4.0, 1.0, 0.0, 13.0, 0.0, 22.0, 0.0, 5.0, 0.0, 26.0, 0.0, 9.0, 0.0, 38.0, 0.0, 2.0, 0.0, 4.0, 5.0, 0.0, 23.0, 0.0, 13.0, 0.0, 19.0, 0.0, 29.0, 0.0, 5.0, 0.0, 26.0, 6.0, 0.0, 10.0, 0.0]",120.0,5.02020202020202,61.89368202576625,10.5,[],0.0,0.0,0.0,0.0,1.2472191289246473,6.666666666666667,7.0,7,10,0,10,0,-42,-221,-221,-42,-42,-42,-70,-42,-42,-42,1667304130.0,1667304245.0,1667304414.5,578.0,0.0,0.0,0.0,0.0,100,100.0,1
B,100,0,11,0.0,0.11,0.0,0.0,201.0,0.0,[],0.0,0.0,0.0,0.0,"[0.0, 0.0, 0.0, 0.0, 0.0, 0.0, 0.0, 0.0, 0.0, 0.0]",0.0,0.0,0.0,0.0,0.0,0.0,0.0,0,0,10,0,0,201,201,201,201,201,201,201,201,201,201,0.0,0.0,0.0,0.0,1667304206.0,1667304206.0,1667304206.0,0.0,0,0.0,0
B,100,60,40,0.6,0.4,115.0,35.185224171518364,83.5,17.5,"[0.0, 0.0, 10.0, 0.0, 0.0, 10.0, 0.0, 0.0, 10.0, 0.0, 0.0, 10.0, 0.0, 0.0, 10.0, 0.0, 0.0, 10.0, 0.0, 0.0, 10.0, 0.0, 0.0, 10.0, 0.0, 0.0, 10.0, 0.0, 0.0, 10.0, 0.0, 0.0, 10.0, 0.0, 0.0, 10.0, 0.0, 0.0, 10.0, 0.0, 0.0, 10.0, 0.0, 0.0, 10.0, 0.0, 0.0, 10.0, 0.0, 0.0, 10.0, 0.0, 0.0, 10.0, 0.0, 0.0, 10.0, 0.0, 0.0]",10.0,3.2203389830508473,4.672558899013635,10.0,"[0.0, 10.0, 0.0, 10.0, 0.0, 10.0, 0.0, 10.0, 0.0, 10.0, 0.0, 10.0, 0.0, 10.0, 0.0, 10.0, 0.0, 10.0, 0.0, 10.0, 0.0, 10.0, 0.0, 10.0, 0.0, 10.0, 0.0, 10.0, 0.0, 10.0, 0.0, 10.0, 0.0, 10.0, 0.0, 10.0, 0.0, 10.0, 0.0]",10.0,4.871794871794871,4.9983560742610065,10.0,1.0954451150103321,4.0,4.0,5,6,4,6,4,-132,-147,66,101,-66,-132,-147,66,101,-66,1667304655.5,1667304703.0,1667304750.5,190.0,1667304655.5,1667304703.0,1667304750.5,190.0,3,2.857142857142857,21
B,100,100,0,1.0,0.0,42.0,0.0,0.0,0.0,"[120.0, 120.0, 120.0, 120.0, -562.0, 0.0, 25.0, 0.0, 9.0, 0.0, 4.0, 0.0, 28.0, 0.0, 6.0, 0.0, 10.0, 18.0, 0.0, 19.0, 0.0, 21.0, 0.0, 24.0, 0.0, 16.0, 0.0, 22.0, 5.0, 0.0, 2.0, 0.0, 11.0, 0.0, 34.0, 0.0, 6.0, 0.0, 14.0, 0.0, 25.0, 0.0, 1.0, 0.0, 22.0, 18.0, 0.0, 4.0, 0.0, 36.0, 0.0, 9.0, 0.0, 31.0, 0.0, 13.0, 0.0, 1.0, 0.0, 8.0, 0.0, 0.0, 15.0, 0.0, 2.0, 0.0, 7.0, 0.0, 17.0, 0.0, 0.0, 0.0, 7.0, 0.0, 18.0, 0.0, 4.0, 0.0, 3.0, 0.0, 17.0, 0.0, 2.0, 0.0, 17.0, 0.0, 6.0, 0.0, 1.0, 0.0, 4.0, 20.0, 0.0, 0.0, 0.0, 0.0, 0.0, -582.0, 0.0]",120.0,-0.8282828282828283,85.50173256015749,13.5,[],0.0,0.0,0.0,0.0,1.2472191289246473,6.666666666666667,7.0,7,10,0,10,0,-42,-42,-42,-42,-42,-42,-42,-42,-42,-42,1667304787.0,1667304969.0,1667305097.0,582.0,0.0,0.0,0.0,0.0,100,100.0,1
B,100,60,40,0.6,0.4,115.0,35.185224171518364,83.5,17.5,"[0.0, 0.0, 10.0, 0.0, 0.0, 10.0, 0.0, 0.0, 10.0, 0.0, 0.0, 10.0, 0.0, 0.0, 10.0, 0.0, 0.0, 10.0, 0.0, 0.0, 10.0, 0.0, 0.0, 10.0, 0.0, 0.0, 10.0, 0.0, 0.0, 10.0, 0.0, 0.0, 10.0, 0.0, 0.0, 10.0, 0.0, 0.0, 10.0, 0.0, 0.0, 10.0, 0.0, 0.0, 10.0, 0.0, 0.0, 10.0, 0.0, 0.0, 10.0, 0.0, 0.0, 10.0, 0.0, 1.0, 10.0, 0.0, 0.0]",10.0,3.23728813559322,4.662649945063238,10.0,"[0.0, 10.0, 0.0, 10.0, 0.0, 10.0, 0.0, 10.0, 0.0, 10.0, 0.0, 10.0, 0.0, 10.0, 0.0, 10.0, 0.0, 10.0, 0.0, 10.0, 0.0, 10.0, 0.0, 10.0, 0.0, 10.0, 0.0, 10.0, 0.0, 10.0, 0.0, 10.0, 0.0, 10.0, 0.0, 11.0, 0.0, 10.0, 0.0]",11.0,4.897435897435898,5.027079856827073,10.0,1.0954451150103321,4.0,4.0,5,6,4,6,4,-132,-147,66,101,-66,-132,-147,66,101,-66,1667305255.5,1667305303.0,1667305350.5,191.0,1667305255.5,1667305303.0,1667305350.5,191.0,3,2.857142857142857,21
B,100,100,0,1.0,0.0,42.56,3.9199999999999986,0.0,0.0,"[120.0, 120.0, 74.0, 46.0, 121.0, -559.0, 0.0, 2.0, 0.0, 7.0, 0.0, 15.0, 0.0, 3.0, 0.0, 19.0, 0.0, 2.0, 0.0, 3.0, 0.0, 21.0, 0.0, 4.0, 0.0, 1.0, 0.0, 1.0, 16.0, 0.0, 6.0, 0.0, 21.0, 0.0, 9.0, 0.0, 22.0, 0.0, 5.0, 0.0, 9.0, 0.0, 32.0, 4.0, 0.0, 1.0, 0.0, 35.0, 0.0, 16.0, 0.0, 20.0, 0.0, 31.0, 0.0, 5.0, 0.0, 7.0, 0.0, 1.0, 28.0, 0.0, 8.0, 0.0, 2.0, 0.0, 27.0, 0.0, 9.0, 16.0, 0.0, 11.0, 0.0, 19.0, 9.0, 0.0, 5.0, 0.0, 7.0, 0.0, 27.0, 0.0, 24.0, 0.0, 4.0, 0.0, 6.0, 0.0, 30.0, 0.0, 7.0, 0.0, 2.0, 2.0, 0.0, -561.0, 0.0, 2.0, 0.0]",121.0,-0.7676767676767676,83.45637320142737,9.0,[],0.0,0.0,0.0,0.0,1.2472191289246473,6.666666666666667,7.0,7,10,0,10,0,-42,-42,-42,-70,-42,-42,-42,-42,-42,-42,1667305288.0,1667305457.0,1667305630.0,561.0,0.0,0.0,0.0,0.0,100,100.0,1
B,100,60,40,0.6,0.4,115.0,35.185224171518364,83.5,17.5,"[0.0, 0.0, 10.0, 0.0, 0.0, 10.0, 0.0, 0.0, 10.0, 0.0, 0.0, 10.0, 0.0, 0.0, 10.0, 0.0, 0.0, 10.0, 0.0, 0.0, 10.0, 0.0, 0.0, 10.0, 0.0, 0.0, 10.0, 0.0, 0.0, 10.0, 0.0, 0.0, 10.0, 0.0, 0.0, 10.0, 0.0, 0.0, 10.0, 0.0, 0.0, 10.0, 0.0, 0.0, 10.0, 0.0, 0.0, 10.0, 0.0, 0.0, 10.0, 0.0, 0.0, 10.0, 0.0, 0.0, 10.0, 0.0, 0.0]",10.0,3.2203389830508473,4.672558899013635,10.0,"[0.0, 10.0, 0.0, 10.0, 0.0, 10.0, 0.0, 10.0, 0.0, 10.0, 0.0, 10.0, 0.0, 10.0, 0.0, 10.0, 0.0, 10.0, 0.0, 10.0, 0.0, 10.0, 0.0, 10.0, 0.0, 10.0, 0.0, 10.0, 0.0, 10.0, 0.0, 10.0, 0.0, 10.0, 0.0, 10.0, 0.0, 10.0, 0.0]",10.0,4.871794871794871,4.9983560742610065,10.0,1.0954451150103321,4.0,4.0,5,6,4,6,4,-132,-147,66,101,-66,-132,-147,66,101,-66,1667305856.5,1667305904.0,1667305951.5,190.0,1667305856.5,1667305904.0,1667305951.5,190.0,3,2.857142857142857,21
B,100,100,0,1.0,0.0,42.0,0.0,0.0,0.0,"[120.0, 120.0, 120.0, 120.0, -568.0, 0.0, 22.0, 0.0, 12.0, 0.0, 36.0, 0.0, 3.0, 0.0, 15.0, 16.0, 0.0, 9.0, 0.0, 11.0, 0.0, 16.0, 0.0, 32.0, 0.0, 3.0, 0.0, 27.0, 0.0, 6.0, 18.0, 0.0, 8.0, 0.0, 5.0, 0.0, 27.0, 0.0, 9.0, 0.0, 3.0, 0.0, 18.0, 0.0, 32.0, 0.0, 0.0, 1.0, 0.0, 13.0, 0.0, 18.0, 0.0, 13.0, 0.0, 7.0, 0.0, 10.0, 0.0, 32.0, 0.0, 9.0, 0.0, 17.0, 12.0, 0.0, 4.0, 0.0, 33.0, 0.0, 3.0, 0.0, 10.0, 0.0, 20.0, 0.0, 10.0, 0.0, 22.0, 0.0, 6.0, 12.0, 0.0, 15.0, 0.0, -595.0, 0.0, 22.0, 0.0, 12.0, 0.0, 36.0, 0.0, 3.0, 0.0, 15.0, 16.0, 0.0, 20.0]",120.0,0.36363636363636365,86.99546656543936,15.0,[],0.0,0.0,0.0,0.0,1.2472191289246473,6.666666666666667,7.0,7,10,0,10,0,-42,-42,-42,-42,-42,-42,-42,-42,-42,-42,1667305906.0,1667306072.5,1667306233.0,595.0,0.0,0.0,0.0,0.0,100,100.0,1
B,100,60,40,0.6,0.4,115.0,35.185224171518364,83.5,17.5,"[0.0, 0.0, 10.0, 0.0, 0.0, 10.0, 0.0, 0.0, 10.0, 0.0, 0.0, 10.0, 0.0, 0.0, 10.0, 0.0, 0.0, 10.0, 0.0, 0.0, 10.0, 0.0, 0.0, 10.0, 0.0, 0.0, 10.0, 0.0, 0.0, 10.0, 0.0, 0.0, 10.0, 0.0, 0.0, 10.0, 0.0, 0.0, 10.0, 0.0, 0.0, 10.0, 0.0, 0.0, 10.0, 0.0, 0.0, 10.0, 0.0, 0.0, 11.0, 0.0, 0.0, 10.0, 0.0, 0.0, 10.0, 0.0, 0.0]",11.0,3.23728813559322,4.698860240637688,10.0,"[0.0, 10.0, 0.0, 10.0, 0.0, 10.0, 0.0, 10.0, 0.0, 10.0, 0.0, 10.0, 0.0, 10.0, 0.0, 10.0, 0.0, 10.0, 0.0, 10.0, 0.0, 10.0, 0.0, 10.0, 0.0, 10.0, 0.0, 10.0, 0.0, 10.0, 0.0, 10.0, 0.0, 11.0, 0.0, 10.0, 0.0, 10.0, 0.0]",11.0,4.897435897435898,5.027079856827073,10.0,1.0954451150103321,4.0,4.0,5,6,4,6,4,-132,-147,66,101,-66,-132,-147,66,101,-66,1667306456.5,1667306504.0,1667306551.5,191.0,1667306456.5,1667306504.0,1667306551.5,191.0,3,2.857142857142857,21
B,100,100,0,1.0,0.0,42.0,0.0,0.0,0.0,"[120.0, 120.0, 120.0, 120.0, -548.0, 0.0, 8.0, 0.0, 32.0, 0.0, 1.0, 0.0, 27.0, 5.0, 0.0, 7.0, 0.0, 2.0, 0.0, 28.0, 0.0, 8.0, 0.0, 29.0, 0.0, 3.0, 0.0, 25.0, 0.0, 7.0, 0.0, 4.0, 0.0, 2.0, 28.0, 0.0, 9.0, 0.0, 23.0, 0.0, 16.0, 0.0, 16.0, 0.0, 23.0, 0.0, 5.0, 6.0, 0.0, 21.0, 0.0, 7.0, 0.0, 4.0, 0.0, 32.0, 0.0, 2.0, 0.0, 40.0, 0.0, 6.0, 0.0, 2.0, 32.0, 0.0, 16.0, 0.0, 25.0, 0.0, 23.0, 0.0, 18.0, 0.0, 6.0, 26.0, 0.0, -574.0, 0.0, 8.0, 0.0, 32.0, 0.0, 1.0, 0.0, 27.0, 5.0, 0.0, 7.0, 0.0, 30.0, 0.0, 8.0, 0.0, 29.0, 0.0, 3.0, 0.0, 32.0]",120.0,1.1515151515151516,84.41161340421289,17.0,[],0.0,0.0,0.0,0.0,1.2472191289246473,6.666666666666667,7.0,7,10,0,10,0,-42,-42,-42,-42,-42,-42,-42,-42,-42,-42,1667306502.0,1667306606.0,1667306768.0,574.0,0.0,0.0,0.0,0.0,100,100.0,1
B,100,60,40,0.6,0.4,115.0,35.185224171518364,83.5,17.5,"[0.0, 0.0, 10.0, 0.0, 0.0, 10.0, 0.0, 0.0, 10.0, 0.0, 0.0, 10.0, 0.0, 0.0, 10.0, 0.0, 0.0, 10.0, 0.0, 0.0, 10.0, 0.0, 0.0, 10.0, 0.0, 0.0, 10.0, 0.0, 0.0, 10.0, 0.0, 0.0, 10.0, 0.0, 0.0, 10.0, 0.0, 0.0, 10.0, 0.0, 0.0, 10.0, 0.0, 0.0, 10.0, 0.0, 0.0, 10.0, 0.0, 0.0, 10.0, 0.0, 0.0, 10.0, 0.0, 0.0, 10.0, 0.0, 0.0]",10.0,3.2203389830508473,4.672558899013635,10.0,"[0.0, 10.0, 0.0, 10.0, 0.0, 10.0, 0.0, 10.0, 0.0, 10.0, 0.0, 10.0, 0.0, 10.0, 0.0, 10.0, 0.0, 10.0, 0.0, 10.0, 0.0, 10.0, 0.0, 10.0, 0.0, 10.0, 0.0, 10.0, 0.0, 10.0, 0.0, 10.0, 0.0, 10.0, 0.0, 10.0, 0.0, 10.0, 0.0]",10.0,4.871794871794871,4.9983560742610065,10.0,1.0954451150103321,4.0,4.0,5,6,4,6,4,-132,-147,66,101,-66,-132,-147,66,101,-66,1667307047.5,1667307095.0,1667307142.5,190.0,1667307047.5,1667307095.0,1667307142.5,190.0,3,2.857142857142857,21
B,100,100,0,1.0,0.0,42.0,0.0,0.0,0.0,"[120.0, 120.0, 120.0, 120.0, -566.0, 0.0, 39.0, 0.0, 2.0, 0.0, 41.0, 0.0, 4.0, 3.0, 0.0, 34.0, 0.0, 14.0, 0.0, 37.0, 0.0, 9.0, 0.0, 23.0, 19.0, 0.0, 2.0, 0.0, 47.0, 0.0, 3.0, 0.0, 41.0, 0.0, 8.0, 2.0, 0.0, 36.0, 0.0, 15.0, 0.0, 28.0, 0.0, 23.0, 0.0, 16.0, 7.0, 0.0, 4.0, 0.0, 6.0, 0.0, 19.0, 0.0, 2.0, 0.0, 9.0, 0.0, 17.0, 0.0, 2.0, 0.0, 12.0, 0.0, 13.0, 0.0, 2.0, 0.0, 21.0, 0.0, 4.0, 0.0, 2.0, 2.0, 0.0, 22.0, 0.0, 0.0, 0.0, -590.0, 0.0, 39.0, 0.0, 2.0, 0.0, 41.0, 0.0, 4.0, 3.0, 0.0, 34.0, 0.0, 14.0, 0.0, 37.0, 0.0, 9.0, 0.0, 23.0]",120.0,1.2121212121212122,86.95537840107534,15.5,[],0.0,0.0,0.0,0.0,1.2472191289246473,6.666666666666667,7.0,7,10,0,10,0,-42,-42,-42,-42,-42,-42,-42,-42,-42,-42,1667307128.0,1667307302.5,1667307489.0,590.0,0.0,0.0,0.0,0.0,100,100.0,1
B,100,60,40,0.6,0.4,115.0,35.185224171518364,83.5,17.5,"[0.0, 0.0, 10.0, 0.0, 0.0, 10.0, 0.0, 0.0, 10.0, 0.0, 0.0, 10.0, 0.0, 0.0, 10.0, 0.0, 0.0, 10.0, 0.0, 0.0, 10.0, 0.0, 0.0, 10.0, 0.0, 0.0, 10.0, 0.0, 0.0, 10.0, 0.0, 0.0, 10.0, 0.0, 0.0, 10.0, 0.0, 0.0, 10.0, 0.0, 0.0, 11.0, 0.0, 0.0, 10.0, 0.0, 0.0, 10.0, 0.0, 0.0, 10.0, 0.0, 0.0, 10.0, 0.0, 0.0, 10.0, 0.0, 0.0]",11.0,3.23728813559322,4.698860240637688,10.0,"[0.0, 10.0, 0.0, 10.0, 0.0, 10.0, 0.0, 10.0, 0.0, 10.0, 0.0, 10.0, 0.0, 10.0, 0.0, 10.0, 0.0, 10.0, 0.0, 10.0, 0.0, 10.0, 0.0, 10.0, 0.0, 10.0, 0.0, 11.0, 0.0, 10.0, 0.0, 10.0, 0.0, 10.0, 0.0, 10.0, 0.0, 10.0, 0.0]",11.0,4.897435897435898,5.027079856827073,10.0,1.0954451150103321,4.0,4.0,5,6,4,6,4,-132,-147,66,101,-66,-132,-147,66,101,-66,1667307647.5,1667307695.0,1667307743.5,191.0,1667307647.5,1667307695.0,1667307743.5,191.0,3,2.857142857142857,21
B,100,100,0,1.0,0.0,49.72,35.181267742933876,0.0,0.0,"[115.0, 0.0, 5.0, 120.0, 120.0, 42.0, 78.0, -568.0, 0.0, 19.0, 0.0, 5.0, 0.0, 4.0, 0.0, 17.0, 0.0, 11.0, 0.0, 4.0, 0.0, 12.0, 0.0, 14.0, 0.0, 2.0, 2.0, 0.0, 9.0, 0.0, 15.0, 0.0, 7.0, 0.0, 4.0, 0.0, 27.0, 0.0, 6.0, 0.0, 5.0, 0.0, 28.0, 0.0, 1.0, 0.0, 11.0, 0.0, 5.0, 16.0, 0.0, 6.0, 0.0, 26.0, 0.0, 6.0, 0.0, 8.0, 0.0, 19.0, 0.0, 19.0, 0.0, 14.0, 0.0, 6.0, 20.0, 0.0, 7.0, 0.0, 4.0, 27.0, 0.0, 1.0, 0.0, 31.0, 0.0, 2.0, 0.0, 4.0, 0.0, 24.0, 16.0, 0.0, 5.0, 0.0, 35.0, 0.0, 15.0, 0.0, 3.0, 0.0, 24.0, 0.0, 22.0, 0.0, 0.0, 18.0, 0.0]",120.0,5.03030303030303,62.05104684902332,14.0,[],0.0,0.0,0.0,0.0,1.2472191289246473,6.666666666666667,7.0,7,10,0,10,0,-42,-221,-221,-42,-42,-42,-70,-42,-42,-42,1667307717.0,1667307846.0,1667308021.5,586.0,0.0,0.0,0.0,0.0,100,100.0,1
B,100,0,11,0.0,0.11,0.0,0.0,201.0,0.0,[],0.0,0.0,0.0,0.0,"[0.0, 0.0, 0.0, 0.0, 0.0, 0.0, 0.0, 0.0, 0.0, 0.0]",0.0,0.0,0.0,0.0,0.0,0.0,0.0,0,0,10,0,0,201,201,201,201,201,201,201,201,201,201,0.0,0.0,0.0,0.0,1667307806.0,1667307806.0,1667307806.0,0.0,0,0.0,0
B,100,60,40,0.6,0.4,115.0,35.185224171518364,83.5,17.5,"[0.0, 0.0, 10.0, 0.0, 0.0, 10.0, 0.0, 0.0, 10.0, 0.0, 0.0, 10.0, 0.0, 0.0, 10.0, 0.0, 0.0, 10.0, 0.0, 0.0, 10.0, 0.0, 0.0, 10.0, 0.0, 0.0, 10.0, 0.0, 0.0, 10.0, 0.0, 0.0, 10.0, 0.0, 0.0, 10.0, 0.0, 0.0, 10.0, 0.0, 0.0, 10.0, 0.0, 0.0, 10.0, 0.0, 0.0, 10.0, 0.0, 0.0, 10.0, 0.0, 0.0, 10.0, 0.0, 0.0, 10.0, 0.0, 0.0]",10.0,3.2203389830508473,4.672558899013635,10.0,"[0.0, 10.0, 0.0, 10.0, 0.0, 10.0, 0.0, 10.0, 0.0, 10.0, 0.0, 10.0, 0.0, 10.0, 0.0, 10.0, 0.0, 10.0, 0.0, 10.0, 0.0, 10.0, 0.0, 10.0, 0.0, 10.0, 0.0, 10.0, 0.0, 10.0, 0.0, 10.0, 0.0, 10.0, 0.0, 10.0, 0.0, 10.0, 0.0]",10.0,4.871794871794871,4.9983560742610065,10.0,1.0954451150103321,4.0,4.0,5,6,4,6,4,-132,-147,66,101,-66,-132,-147,66,101,-66,1667308248.5,1667308296.0,1667308343.5,190.0,1667308248.5,1667308296.0,1667308343.5,190.0,3,2.857142857142857,21
B,100,100,0,1.0,0.0,42.0,0.0,0.0,0.0,"[121.0, 120.0, 120.0, 120.0, -552.0, 0.0, 11.0, 0.0, 24.0, 0.0, 14.0, 0.0, 2.0, 0.0, 20.0, 22.0, 0.0, 5.0, 0.0, 37.0, 0.0, 12.0, 0.0, 32.0, 0.0, 13.0, 2.0, 0.0, 27.0, 0.0, 20.0, 0.0, 24.0, 0.0, 24.0, 0.0, 18.0, 0.0, 5.0, 24.0, 0.0, 15.0, 0.0, 32.0, 0.0, 10.0, 0.0, 28.0, 0.0, 10.0, 0.0, 1.0, 5.0, 0.0, 36.0, 0.0, 8.0, 0.0, 26.0, 0.0, 23.0, 0.0, 13.0, 0.0, 9.0, 23.0, 0.0, 4.0, 0.0, 0.0, 0.0, -579.0, 0.0, 11.0, 0.0, 38.0, 0.0, 2.0, 0.0, 20.0, 22.0, 0.0, 5.0, 0.0, 37.0, 0.0, 12.0, 0.0, 32.0, 0.0, 13.0, 2.0, 0.0, 27.0, 0.0, 20.0, 0.0, 24.0, 0.0]",121.0,1.9595959595959596,85.14039732349391,20.0,[],0.0,0.0,0.0,0.0,1.2472191289246473,6.666666666666667,7.0,7,10,0,10,0,-42,-42,-42,-42,-42,-42,-42,-42,-42,-42,1667308316.75,1667308441.0,1667308641.0,579.0,0.0,0.0,0.0,0.0,100,100.0,1
B,100,60,40,0.6,0.4,115.0,35.185224171518364,83.5,17.5,"[0.0, 0.0, 10.0, 0.0, 0.0, 10.0, 0.0, 0.0, 10.0, 0.0, 0.0, 10.0, 0.0, 0.0, 10.0, 0.0, 0.0, 10.0, 0.0, 0.0, 10.0, 0.0, 0.0, 10.0, 0.0, 0.0, 10.0, 0.0, 0.0, 10.0, 0.0, 0.0, 10.0, 0.0, 0.0, 10.0, 0.0, 0.0, 10.0, 0.0, 0.0, 11.0, 0.0, 0.0, 10.0, 0.0, 0.0, 10.0, 0.0, 0.0, 10.0, 0.0, 0.0, 10.0, 0.0, 0.0, 10.0, 0.0, 0.0]",11.0,3.23728813559322,4.698860240637688,10.0,"[0.0, 10.0, 0.0, 10.0, 0.0, 10.0, 0.0, 10.0, 0.0, 10.0, 0.0, 10.0, 0.0, 10.0, 0.0, 10.0, 0.0, 10.0, 0.0, 10.0, 0.0, 10.0, 0.0, 10.0, 0.0, 10.0, 0.0, 11.0, 0.0, 10.0, 0.0, 10.0, 0.0, 10.0, 0.0, 10.0, 0.0, 10.0, 0.0]",11.0,4.897435897435898,5.027079856827073,10.0,1.0954451150103321,4.0,4.0,5,6,4,6,4,-132,-147,66,101,-66,-132,-147,66,101,-66,1667308848.5,1667308896.0,1667308944.5,191.0,1667308848.5,1667308896.0,1667308944.5,191.0,3,2.857142857142857,21
B,100,100,0,1.0,0.0,42.56,3.9199999999999986,0.0,0.0,"[119.0, 1.0, 120.0, 120.0, 121.0, -541.0, 0.0, 3.0, 0.0, 14.0, 0.0, 22.0, 0.0, 21.0, 1.0, 0.0, 4.0, 0.0, 10.0, 0.0, 23.0, 0.0, 14.0, 0.0, 3.0, 0.0, 20.0, 0.0, 13.0, 0.0, 9.0, 0.0, 9.0, 0.0, 13.0, 0.0, 0.0, 1.0, 1.0, 0.0, 24.0, 0.0, 4.0, 0.0, 8.0, 0.0, 13.0, 0.0, 15.0, 0.0, 9.0, 0.0, 14.0, 0.0, 8.0, 0.0, 1.0, 0.0, 23.0, 1.0, 0.0, 6.0, 0.0, 12.0, 0.0, 7.0, 0.0, 17.0, 0.0, 7.0, 0.0, 19.0, 0.0, 5.0, 0.0, 1.0, 0.0, 22.0, 0.0, 8.0, 0.0, 14.0, 0.0, 1.0, 22.0, 0.0, 1.0, 0.0, 12.0, 0.0, 12.0, 0.0, 16.0, 0.0, 9.0, 0.0, 24.0, 0.0, 12.0]",121.0,4.7272727272727275,60.00047443950776,12.0,[],0.0,0.0,0.0,0.0,1.2472191289246473,6.666666666666667,7.0,7,10,0,10,0,-42,-70,-42,-42,-42,-42,-42,-42,-42,-42,1667308980.0,1667309093.0,1667309207.0,541.0,0.0,0.0,0.0,0.0,100,100.0,1
B,100,60,40,0.6,0.4,115.0,35.185224171518364,83.5,17.5,"[0.0, 0.0, 10.0, 0.0, 0.0, 10.0, 0.0, 0.0, 10.0, 0.0, 0.0, 10.0, 0.0, 0.0, 10.0, 0.0, 0.0, 10.0, 0.0, 0.0, 10.0, 0.0, 0.0, 10.0, 0.0, 0.0, 10.0, 0.0, 0.0, 10.0, 0.0, 0.0, 10.0, 0.0, 0.0, 10.0, 0.0, 0.0, 10.0, 0.0, 0.0, 10.0, 0.0, 0.0, 10.0, 0.0, 0.0, 10.0, 0.0, 0.0, 10.0, 0.0, 0.0, 10.0, 0.0, 0.0, 10.0, 0.0, 0.0]",10.0,3.2203389830508473,4.672558899013635,10.0,"[0.0, 10.0, 0.0, 10.0, 0.0, 10.0, 0.0, 10.0, 0.0, 10.0, 0.0, 10.0, 0.0, 10.0, 0.0, 10.0, 0.0, 10.0, 0.0, 10.0, 0.0, 10.0, 0.0, 10.0, 0.0, 10.0, 0.0, 10.0, 0.0, 10.0, 0.0, 10.0, 0.0, 10.0, 0.0, 10.0, 0.0, 10.0, 0.0]",10.0,4.871794871794871,4.9983560742610065,10.0,1.0954451150103321,4.0,4.0,5,6,4,6,4,-132,-147,66,101,-66,-132,-147,66,101,-66,1667309449.5,1667309497.0,1667309544.5,190.0,1667309449.5,1667309497.0,1667309544.5,190.0,3,2.857142857142857,21
B,100,100,0,1.0,0.0,42.0,0.0,0.0,0.0,"[120.0, 120.0, 120.0, 120.0, -571.0, 0.0, 14.0, 0.0, 6.0, 0.0, 23.0, 0.0, 1.0, 0.0, 23.0, 0.0, 19.0, 0.0, 5.0, 1.0, 0.0, 20.0, 0.0, 4.0, 0.0, 14.0, 0.0, 11.0, 0.0, 24.0, 0.0, 9.0, 0.0, 16.0, 0.0, 21.0, 4.0, 0.0, 5.0, 0.0, 19.0, 0.0, 25.0, 0.0, 0.0, 0.0, 24.0, 0.0, 20.0, 0.0, 5.0, 0.0, 18.0, 6.0, 0.0, 15.0, 0.0, 10.0, 0.0, 25.0, 0.0, 9.0, 0.0, 15.0, 0.0, 25.0, 0.0, 4.0, 0.0, 11.0, 30.0, 0.0, 3.0, 0.0, 42.0, 0.0, 4.0, 0.0, 41.0, 0.0, 0.0, 5.0, 0.0, -576.0, 0.0, 20.0, 0.0, 23.0, 0.0, 1.0, 0.0, 23.0, 0.0, 19.0, 0.0, 5.0, 1.0, 0.0, 24.0]",120.0,0.25252525252525254,85.89391430028742,17.0,[],0.0,0.0,0.0,0.0,1.2472191289246473,6.666666666666667,7.0,7,10,0,10,0,-42,-42,-42,-42,-42,-42,-42,-42,-42,-42,1667309488.0,1667309615.0,1667309789.0,576.0,0.0,0.0,0.0,0.0,100,100.0,1
B,100,60,40,0.6,0.4,115.0,35.185224171518364,83.8,17.895809565370325,"[0.0, 0.0, 10.0, 0.0, 0.0, 10.0, 0.0, 0.0, 10.0, 0.0, 0.0, 10.0, 0.0, 0.0, 10.0, 0.0, 0.0, 10.0, 0.0, 0.0, 10.0, 0.0, 0.0, 10.0, 0.0, 0.0, 10.0, 0.0, 0.0, 10.0, 0.0, 0.0, 10.0, 0.0, 0.0, 10.0, 0.0, 0.0, 11.0, 0.0, 0.0, 10.0, 0.0, 0.0, 10.0, 0.0, 0.0, 10.0, 0.0, 0.0, 10.0, 0.0, 0.0, 10.0, 0.0, 0.0, 10.0, 0.0, 0.0]",11.0,3.23728813559322,4.698860240637688,10.0,"[0.0, 10.0, 0.0, 10.0, 0.0, 10.0, 0.0, 10.0, 0.0, 10.0, 0.0, 10.0, 0.0, 10.0, 0.0, 10.0, 0.0, 10.0, 0.0, 10.0, 0.0, 10.0, 0.0, 10.0, 0.0, 11.0, 0.0, 10.0, 0.0, 10.0, 0.0, 10.0, 0.0, 10.0, 0.0, 10.0, 0.0, 10.0, 0.0]",11.0,4.897435897435898,5.027079856827073,10.0,1.0954451150103321,4.0,4.0,5,6,4,6,4,-132,-147,66,101,-66,-132,-147,66,101,-66,1667310049.5,1667310097.0,1667310145.5,191.0,1667310049.5,1667310097.0,1667310145.5,191.0,3,2.857142857142857,21
B,100,100,0,1.0,0.0,42.0,0.0,0.0,0.0,"[120.0, 120.0, 120.0, 120.0, -555.0, 0.0, 6.0, 0.0, 39.0, 0.0, 7.0, 0.0, 23.0, 15.0, 0.0, 6.0, 0.0, 39.0, 0.0, 7.0, 0.0, 18.0, 0.0, 10.0, 0.0, 4.0, 0.0, 10.0, 0.0, 11.0, 11.0, 0.0, 3.0, 0.0, 24.0, 0.0, 0.0, 0.0, 5.0, 0.0, 20.0, 0.0, 12.0, 0.0, 12.0, 0.0, 20.0, 0.0, 5.0, 0.0, 8.0, 15.0, 0.0, 2.0, 0.0, 2.0, 0.0, 22.0, 0.0, 10.0, 0.0, 15.0, 0.0, 17.0, 0.0, 7.0, 0.0, 22.0, 0.0, 3.0, 0.0, 0.0, 0.0, 5.0, 35.0, 0.0, 7.0, 0.0, 33.0, 0.0, 14.0, 0.0, 26.0, 0.0, 5.0, 16.0, 0.0, -571.0, 0.0, 6.0, 0.0, 39.0, 0.0, 7.0, 0.0, 23.0, 15.0, 0.0, 6.0]",120.0,0.21212121212121213,84.44749402448608,13.0,[],0.0,0.0,0.0,0.0,1.2472191289246473,6.666666666666667,7.0,7,10,0,10,0,-42,-42,-42,-42,-42,-42,-42,-42,-42,-42,1667310114.0,1667310266.0,1667310416.0,571.0,0.0,0.0,0.0,0.0,100,100.0,1
B,100,60,40,0.6,0.4,115.0,35.185224171518364,83.8,17.895809565370325,"[0.0, 0.0, 10.0, 0.0, 0.0, 10.0, 0.0, 0.0, 10.0, 0.0, 0.0, 10.0, 0.0, 0.0, 10.0, 0.0, 0.0, 10.0, 0.0, 0.0, 10.0, 0.0, 0.0, 10.0, 0.0, 0.0, 10.0, 0.0, 0.0, 10.0, 0.0, 0.0, 10.0, 0.0, 0.0, 10.0, 0.0, 0.0, 10.0, 0.0, 0.0, 10.0, 0.0, 0.0, 10.0, 0.0, 0.0, 10.0, 0.0, 0.0, 10.0, 0.0, 0.0, 10.0, 0.0, 0.0, 10.0, 0.0, 0.0]",10.0,3.2203389830508473,4.672558899013635,10.0,"[0.0, 10.0, 0.0, 10.0, 0.0, 10.0, 0.0, 10.0, 0.0, 10.0, 0.0, 10.0, 0.0, 10.0, 0.0, 10.0, 0.0, 10.0, 0.0, 10.0, 0.0, 10.0, 0.0, 10.0, 0.0, 10.0, 0.0, 10.0, 0.0, 10.0, 0.0, 10.0, 0.0, 10.0, 0.0, 10.0, 0.0, 10.0, 0.0]",10.0,4.871794871794871,4.9983560742610065,10.0,1.0954451150103321,4.0,4.0,5,6,4,6,4,-132,-147,66,101,-66,-132,-147,66,101,-66,1667310650.5,1667310698.0,1667310745.5,190.0,1667310650.5,1667310698.0,1667310745.5,190.0,3,2.857142857142857,21
B,100,100,0,1.0,0.0,42.0,0.0,0.0,0.0,"[120.0, 121.0, 120.0, 120.0, -566.0, 0.0, 28.0, 0.0, 6.0, 0.0, 4.0, 0.0, 38.0, 0.0, 2.0, 0.0, 7.0, 33.0, 0.0, 4.0, 0.0, 10.0, 0.0, 27.0, 0.0, 11.0, 0.0, 11.0, 0.0, 1.0, 0.0, 21.0, 0.0, 0.0, 0.0, 2.0, 9.0, 0.0, 11.0, 0.0, 10.0, 0.0, 10.0, 0.0, 2.0, 0.0, 21.0, 0.0, 1.0, 0.0, 7.0, 0.0, 15.0, 0.0, 10.0, 0.0, 12.0, 0.0, 1.0, 0.0, 12.0, 8.0, 0.0, 1.0, 0.0, 8.0, 0.0, 14.0, 0.0, 9.0, 0.0, 13.0, 0.0, 1.0, 0.0, 19.0, 0.0, 2.0, 0.0, 10.0, 0.0, 12.0, 0.0, 9.0, 0.0, 9.0, 0.0, 4.0, 0.0, 1.0, 23.0, 0.0, 8.0, 0.0, 29.0, 0.0, 3.0, 0.0, 32.0]",121.0,4.606060606060606,62.47372266701509,10.0,[],0.0,0.0,0.0,0.0,1.2472191289246473,6.666666666666667,7.0,7,10,0,10,0,-42,-42,-42,-42,-42,-42,-42,-42,-42,-42,1667310789.0,1667310891.5,1667311007.0,566.0,0.0,0.0,0.0,0.0,100,100.0,1
B,100,60,40,0.6,0.4,115.0,35.185224171518364,83.8,17.895809565370325,"[0.0, 0.0, 10.0, 0.0, 0.0, 10.0, 0.0, 0.0, 10.0, 0.0, 0.0, 11.0, 0.0, 0.0, 10.0, 0.0, 0.0, 10.0, 0.0, 0.0, 10.0, 0.0, 0.0, 10.0, 0.0, 0.0, 10.0, 0.0, 0.0, 10.0, 0.0, 0.0, 10.0, 0.0, 0.0, 10.0, 0.0, 0.0, 10.0, 0.0, 0.0, 10.0, 0.0, 0.0, 10.0, 0.0, 0.0, 10.0, 0.0, 0.0, 10.0, 0.0, 0.0, 10.0, 0.0, 0.0, 10.0, 0.0, 0.0]",11.0,3.23728813559322,4.698860240637688,10.0,"[0.0, 10.0, 0.0, 10.0, 0.0, 10.0, 0.0, 11.0, 0.0, 10.0, 0.0, 10.0, 0.0, 10.0, 0.0, 10.0, 0.0, 10.0, 0.0, 10.0, 0.0, 10.0, 0.0, 10.0, 0.0, 10.0, 0.0, 10.0, 0.0, 10.0, 0.0, 10.0, 0.0, 10.0, 0.0, 10.0, 0.0, 10.0, 0.0]",11.0,4.897435897435898,5.027079856827073,10.0,1.0954451150103321,4.0,4.0,5,6,4,6,4,-132,-147,66,101,-66,-132,-147,66,101,-66,1667311251.5,1667311299.0,1667311346.5,191.0,1667311251.5,1667311299.0,1667311346.5,191.0,3,2.857142857142857,21
B,100,100,0,1.0,0.0,49.72,35.181267742933876,0.0,0.0,"[112.0, 0.0, 8.0, 120.0, 120.0, 109.0, 11.0, -561.0, 0.0, 11.0, 0.0, 21.0, 0.0, 16.0, 0.0, 16.0, 0.0, 17.0, 4.0, 0.0, 11.0, 0.0, 26.0, 0.0, 6.0, 0.0, 10.0, 0.0, 19.0, 2.0, 0.0, 1.0, 0.0, 10.0, 0.0, 22.0, 0.0, 1.0, 0.0, 0.0, 0.0, 8.0, 21.0, 0.0, 6.0, 0.0, 26.0, 0.0, 9.0, 0.0, 23.0, 0.0, 12.0, 0.0, 0.0, 0.0, 20.0, 0.0, 3.0, 9.0, 0.0, 3.0, 0.0, 17.0, 0.0, 18.0, 0.0, 14.0, 0.0, 14.0, 0.0, 6.0, 0.0, 12.0, 0.0, 12.0, 0.0, 11.0, 0.0, 4.0, 5.0, 0.0, 28.0, 0.0, 12.0, 0.0, 27.0, 0.0, 13.0, 0.0, 26.0, 0.0, 9.0, 5.0, 0.0, -566.0, 0.0, 11.0, 0.0]",120.0,-0.7070707070707071,83.99077059989804,12.0,[],0.0,0.0,0.0,0.0,1.2472191289246473,6.666666666666667,7.0,7,10,0,10,0,-42,-221,-221,-42,-42,-42,-70,-42,-42,-42,1667311351.0,1667311476.0,1667311618.0,566.0,0.0,0.0,0.0,0.0,100,100.0,1
B,100,0,11,0.0,0.11,0.0,0.0,201.0,0.0,[],0.0,0.0,0.0,0.0,"[0.0, 0.0, 0.0, 0.0, 0.0, 0.0, 0.0, 0.0, 0.0, 0.0]",0.0,0.0,0.0,0.0,0.0,0.0,0.0,0,0,10,0,0,201,201,201,201,201,201,201,201,201,201,0.0,0.0,0.0,0.0,1667311406.0,1667311406.0,1667311406.0,0.0,0,0.0,0
B,100,60,40,0.6,0.4,115.0,35.185224171518364,83.8,17.895809565370325,"[0.0, 0.0, 10.0, 0.0, 0.0, 10.0, 0.0, 0.0, 10.0, 0.0, 0.0, 10.0, 0.0, 0.0, 10.0, 0.0, 0.0, 10.0, 0.0, 0.0, 10.0, 0.0, 0.0, 10.0, 0.0, 0.0, 10.0, 0.0, 0.0, 10.0, 0.0, 0.0, 10.0, 0.0, 0.0, 10.0, 0.0, 0.0, 10.0, 0.0, 0.0, 10.0, 0.0, 0.0, 10.0, 0.0, 0.0, 10.0, 0.0, 0.0, 10.0, 0.0, 0.0, 10.0, 0.0, 0.0, 10.0, 0.0, 0.0]",10.0,3.2203389830508473,4.672558899013635,10.0,"[0.0, 10.0, 0.0, 10.0, 0.0, 10.0, 0.0, 10.0, 0.0, 10.0, 0.0, 10.0, 0.0, 10.0, 0.0, 10.0, 0.0, 10.0, 0.0, 10.0, 0.0, 10.0, 0.0, 10.0, 0.0, 10.0, 0.0, 10.0, 0.0, 10.0, 0.0, 10.0, 0.0, 10.0, 0.0, 10.0, 0.0, 10.0, 0.0]",10.0,4.871794871794871,4.9983560742610065,10.0,1.0954451150103321,4.0,4.0,5,6,4,6,4,-132,-147,66,101,-66,-132,-147,66,101,-66,1667311851.5,1667311899.0,1667311946.5,190.0,1667311851.5,1667311899.0,1667311946.5,190.0,3,2.857142857142857,21
B,100,100,0,1.0,0.0,42.0,0.0,0.0,0.0,"[120.0, 121.0, 120.0, 120.0, -571.0, 0.0, 2.0, 0.0, 13.0, 0.0, 24.0, 0.0, 16.0, 0.0, 23.0, 0.0, 12.0, 7.0, 0.0, 20.0, 0.0, 20.0, 0.0, 18.0, 0.0, 24.0, 0.0, 1.0, 0.0, 14.0, 0.0, 11.0, 0.0, 5.0, 11.0, 0.0, 8.0, 0.0, 25.0, 0.0, 11.0, 0.0, 13.0, 0.0, 14.0, 0.0, 11.0, 0.0, 4.0, 0.0, 20.0, 0.0, 4.0, 20.0, 0.0, 1.0, 0.0, 25.0, 0.0, 16.0, 0.0, 8.0, 0.0, 25.0, 0.0, 11.0, 0.0, 13.0, 0.0, 1.0, 28.0, 0.0, 5.0, 0.0, 28.0, 0.0, 3.0, 0.0, 3.0, 0.0, 31.0, 0.0, 4.0, 0.0, 18.0, 12.0, 0.0, 4.0, 0.0, -587.0, 0.0, 15.0, 0.0, 24.0, 0.0, 16.0, 0.0, 23.0, 0.0]",121.0,-0.12121212121212122,86.51435015284544,14.5,[],0.0,0.0,0.0,0.0,1.2472191289246473,6.666666666666667,7.0,7,10,0,10,0,-42,-42,-42,-42,-42,-42,-42,-42,-42,-42,1667311901.0,1667312075.5,1667312241.0,587.0,0.0,0.0,0.0,0.0,100,100.0,1
B,100,60,40,0.6,0.4,115.0,35.185224171518364,83.8,17.895809565370325,"[0.0, 0.0, 10.0, 0.0, 0.0, 10.0, 0.0, 0.0, 10.0, 0.0, 0.0, 11.0, 0.0, 0.0, 10.0, 0.0, 0.0, 10.0, 0.0, 0.0, 10.0, 0.0, 0.0, 10.0, 0.0, 0.0, 10.0, 0.0, 0.0, 10.0, 0.0, 0.0, 10.0, 0.0, 0.0, 10.0, 0.0, 0.0, 10.0, 0.0, 0.0, 10.0, 0.0, 0.0, 10.0, 0.0, 0.0, 10.0, 0.0, 0.0, 10.0, 0.0, 0.0, 10.0, 0.0, 0.0, 10.0, 0.0, 0.0]",11.0,3.23728813559322,4.698860240637688,10.0,"[0.0, 10.0, 0.0, 10.0, 0.0, 10.0, 0.0, 11.0, 0.0, 10.0, 0.0, 10.0, 0.0, 10.0, 0.0, 10.0, 0.0, 10.0, 0.0, 10.0, 0.0, 10.0, 0.0, 10.0, 0.0, 10.0, 0.0, 10.0, 0.0, 10.0, 0.0, 10.0, 0.0, 10.0, 0.0, 10.0, 0.0, 10.0, 0.0]",11.0,4.897435897435898,5.027079856827073,10.0,1.0954451150103321,4.0,4.0,5,6,4,6,4,-132,-147,66,101,-66,-132,-147,66,101,-66,1667312452.5,1667312500.0,1667312547.5,191.0,1667312452.5,1667312500.0,1667312547.5,191.0,3,2.857142857142857,21
B,100,100,0,1.0,0.0,42.56,3.9199999999999986,0.0,0.0,"[120.0, 66.0, 54.0, 120.0, 120.0, -554.0, 0.0, 5.0, 0.0, 18.0, 0.0, 11.0, 0.0, 6.0, 0.0, 21.0, 0.0, 7.0, 0.0, 6.0, 1.0, 0.0, 27.0, 0.0, 8.0, 0.0, 14.0, 0.0, 12.0, 0.0, 8.0, 0.0, 23.0, 0.0, 11.0, 0.0, 12.0, 0.0, 4.0, 18.0, 0.0, 8.0, 0.0, 15.0, 0.0, 22.0, 0.0, 3.0, 4.0, 0.0, 16.0, 0.0, 6.0, 0.0, 16.0, 0.0, 4.0, 0.0, 8.0, 11.0, 0.0, 22.0, 0.0, 3.0, 0.0, 20.0, 0.0, 22.0, 0.0, 1.0, 0.0, 22.0, 0.0, 19.0, 3.0, 0.0, 1.0, 0.0, 29.0, 0.0, 4.0, 0.0, 8.0, 0.0, 18.0, 0.0, 6.0, 0.0, 4.0, 0.0, 21.0, 0.0, 1.0, 0.0, 3.0, 0.0, 22.0, 1.0, 0.0]",120.0,4.858585858585859,60.67199611972332,12.0,[],0.0,0.0,0.0,0.0,1.2472191289246473,6.666666666666667,7.0,7,10,0,10,0,-42,-42,-70,-42,-42,-42,-42,-42,-42,-42,1667312557.0,1667312704.0,1667312858.0,555.0,0.0,0.0,0.0,0.0,100,100.0,1
B,100,60,40,0.6,0.4,115.0,35.185224171518364,83.8,17.895809565370325,"[0.0, 0.0, 10.0, 0.0, 0.0, 10.0, 0.0, 0.0, 10.0, 0.0, 0.0, 10.0, 0.0, 0.0, 10.0, 0.0, 0.0, 10.0, 0.0, 0.0, 10.0, 0.0, 0.0, 10.0, 0.0, 0.0, 10.0, 0.0, 0.0, 10.0, 0.0, 0.0, 10.0, 0.0, 0.0, 10.0, 0.0, 0.0, 10.0, 0.0, 0.0, 10.0, 0.0, 0.0, 10.0, 0.0, 0.0, 10.0, 0.0, 0.0, 10.0, 0.0, 0.0, 10.0, 0.0, 0.0, 10.0, 0.0, 0.0]",10.0,3.2203389830508473,4.672558899013635,10.0,"[0.0, 10.0, 0.0, 10.0, 0.0, 10.0, 0.0, 10.0, 0.0, 10.0, 0.0, 10.0, 0.0, 10.0, 0.0, 10.0, 0.0, 10.0, 0.0, 10.0, 0.0, 10.0, 0.0, 10.0, 0.0, 10.0, 0.0, 10.0, 0.0, 10.0, 0.0, 10.0, 0.0, 10.0, 0.0, 10.0, 0.0, 10.0, 0.0]",10.0,4.871794871794871,4.9983560742610065,10.0,1.0954451150103321,4.0,4.0,5,6,4,6,4,-132,-147,66,101,-66,-132,-147,66,101,-66,1667313052.5,1667313100.0,1667313147.5,190.0,1667313052.5,1667313100.0,1667313147.5,190.0,3,2.857142857142857,21
B,100,100,0,1.0,0.0,42.0,0.0,0.0,0.0,"[120.0, 120.0, 120.0, 120.0, -576.0, 0.0, 10.0, 0.0, 10.0, 0.0, 6.0, 0.0, 15.0, 0.0, 4.0, 0.0, 7.0, 0.0, 20.0, 0.0, 4.0, 0.0, 7.0, 0.0, 13.0, 4.0, 0.0, 2.0, 0.0, 11.0, 0.0, 13.0, 0.0, 5.0, 0.0, 12.0, 0.0, 9.0, 0.0, 10.0, 0.0, 42.0, 0.0, 9.0, 0.0, 3.0, 38.0, 0.0, 10.0, 0.0, 40.0, 0.0, 9.0, 0.0, 23.0, 18.0, 0.0, 10.0, 0.0, 40.0, 0.0, 10.0, 0.0, 42.0, 0.0, 0.0, 9.0, 0.0, 40.0, 0.0, 1.0, 0.0, 10.0, 0.0, 14.0, 0.0, 5.0, 0.0, 8.0, 0.0, 13.0, 0.0, 13.0, 0.0, 3.0, 0.0, 4.0, 4.0, 0.0, 16.0, 0.0, -596.0, 0.0, 10.0, 0.0, 16.0, 0.0, 15.0, 0.0]",120.0,-0.5555555555555556,87.56875765717274,10.0,[],0.0,0.0,0.0,0.0,1.2472191289246473,6.666666666666667,7.0,7,10,0,10,0,-42,-42,-42,-42,-42,-42,-42,-42,-42,-42,1667313076.0,1667313214.5,1667313465.0,596.0,0.0,0.0,0.0,0.0,100,100.0,1
B,100,60,40,0.6,0.4,115.0,35.185224171518364,83.5,17.5,"[0.0, 0.0, 10.0, 0.0, 0.0, 10.0, 0.0, 0.0, 10.0, 0.0, 0.0, 10.0, 0.0, 0.0, 10.0, 0.0, 0.0, 10.0, 0.0, 0.0, 10.0, 0.0, 0.0, 10.0, 0.0, 0.0, 10.0, 0.0, 0.0, 10.0, 0.0, 0.0, 10.0, 0.0, 0.0, 10.0, 0.0, 0.0, 10.0, 0.0, 0.0, 10.0, 0.0, 0.0, 10.0, 0.0, 0.0, 10.0, 0.0, 0.0, 10.0, 0.0, 0.0, 10.0, 0.0, 0.0, 10.0, 0.0, 0.0]",10.0,3.2203389830508473,4.672558899013635,10.0,"[0.0, 10.0, 0.0, 10.0, 0.0, 10.0, 0.0, 10.0, 0.0, 10.0, 0.0, 10.0, 0.0, 10.0, 0.0, 10.0, 0.0, 10.0, 0.0, 10.0, 0.0, 10.0, 0.0, 10.0, 0.0, 10.0, 0.0, 10.0, 0.0, 10.0, 0.0, 10.0, 0.0, 10.0, 0.0, 10.0, 0.0, 10.0, 0.0]",10.0,4.871794871794871,4.9983560742610065,10.0,1.0954451150103321,4.0,4.0,5,6,4,6,4,-132,-147,66,101,-66,-132,-147,66,101,-66,1667313653.5,1667313701.0,1667313748.5,190.0,1667313653.5,1667313701.0,1667313748.5,190.0,3,2.857142857142857,21
B,100,100,0,1.0,0.0,42.0,0.0,0.0,0.0,"[120.0, 120.0, 120.0, 121.0, -574.0, 0.0, 1.0, 0.0, 18.0, 0.0, 8.0, 0.0, 4.0, 0.0, 15.0, 0.0, 7.0, 0.0, 16.0, 0.0, 4.0, 0.0, 4.0, 0.0, 16.0, 0.0, 0.0, 6.0, 0.0, 2.0, 0.0, 25.0, 0.0, 1.0, 0.0, 4.0, 0.0, 20.0, 0.0, 2.0, 0.0, 9.0, 0.0, 13.0, 0.0, 18.0, 0.0, 6.0, 0.0, 0.0, 0.0, 14.0, 12.0, 0.0, 5.0, 0.0, 4.0, 0.0, 17.0, 0.0, 14.0, 0.0, 10.0, 0.0, 0.0, 0.0, 15.0, 0.0, 11.0, 0.0, 15.0, 0.0, 10.0, 0.0, 1.0, 0.0, 6.0, 20.0, 0.0, 4.0, 0.0, 6.0, 0.0, 16.0, 0.0, 14.0, 0.0, 5.0, 0.0, 7.0, 0.0, 25.0, 0.0, 1.0, 0.0, 8.0, 0.0, 14.0, 2.0]",121.0,3.6565656565656566,62.96177477767587,10.0,[],0.0,0.0,0.0,0.0,1.2472191289246473,6.666666666666667,7.0,7,10,0,10,0,-42,-42,-42,-42,-42,-42,-42,-42,-42,-42,1667313702.0,1667313822.0,1667313936.0,574.0,0.0,0.0,0.0,0.0,100,100.0,1
B,100,60,40,0.6,0.4,115.0,35.185224171518364,83.5,17.5,"[0.0, 0.0, 10.0, 0.0, 0.0, 10.0, 0.0, 0.0, 10.0, 0.0, 0.0, 10.0, 0.0, 0.0, 10.0, 0.0, 0.0, 10.0, 0.0, 0.0, 10.0, 0.0, 0.0, 10.0, 0.0, 0.0, 10.0, 0.0, 0.0, 10.0, 0.0, 0.0, 10.0, 0.0, 0.0, 10.0, 0.0, 0.0, 10.0, 0.0, 0.0, 10.0, 0.0, 0.0, 10.0, 0.0, 0.0, 10.0, 0.0, 0.0, 10.0, 0.0, 0.0, 10.0, 0.0, 0.0, 10.0, 0.0, 0.0]",10.0,3.2203389830508473,4.672558899013635,10.0,"[0.0, 10.0, 0.0, 10.0, 0.0, 10.0, 0.0, 10.0, 0.0, 10.0, 0.0, 10.0, 0.0, 10.0, 0.0, 10.0, 0.0, 10.0, 0.0, 10.0, 0.0, 10.0, 0.0, 10.0, 0.0, 10.0, 0.0, 10.0, 0.0, 10.0, 0.0, 10.0, 0.0, 10.0, 0.0, 10.0, 0.0, 10.0, 0.0]",10.0,4.871794871794871,4.9983560742610065,10.0,1.0954451150103321,4.0,4.0,5,6,4,6,4,-132,-147,66,101,-66,-132,-147,66,101,-66,1667314253.5,1667314301.0,1667314348.5,190.0,1667314253.5,1667314301.0,1667314348.5,190.0,3,2.857142857142857,21
B,100,100,0,1.0,0.0,42.0,0.0,0.0,0.0,"[120.0, 120.0, 120.0, 120.0, -561.0, 0.0, 12.0, 0.0, 2.0, 0.0, 18.0, 0.0, 11.0, 0.0, 19.0, 0.0, 2.0, 0.0, 17.0, 15.0, 0.0, 9.0, 0.0, 3.0, 0.0, 20.0, 0.0, 28.0, 0.0, 5.0, 0.0, 30.0, 0.0, 10.0, 2.0, 0.0, 20.0, 0.0, 10.0, 0.0, 15.0, 0.0, 5.0, 0.0, 29.0, 0.0, 11.0, 0.0, 8.0, 0.0, 13.0, 0.0, 7.0, 11.0, 0.0, 6.0, 0.0, 7.0, 0.0, 18.0, 0.0, 14.0, 0.0, 6.0, 0.0, 15.0, 0.0, 11.0, 0.0, 19.0, 0.0, 1.0, 0.0, 10.0, 0.0, 2.0, 18.0, 0.0, 12.0, 0.0, 2.0, 0.0, 17.0, 0.0, 5.0, 0.0, 2.0, 0.0, 18.0, 0.0, 6.0, 0.0, 5.0, 0.0, 11.0, 0.0, 8.0, 0.0, 10.0]",120.0,4.787878787878788,61.86124465648872,11.0,[],0.0,0.0,0.0,0.0,1.2472191289246473,6.666666666666667,7.0,7,10,0,10,0,-42,-42,-42,-42,-42,-42,-42,-42,-42,-42,1667314372.0,1667314533.5,1667314657.0,561.0,0.0,0.0,0.0,0.0,100,100.0,1
B,100,60,40,0.6,0.4,115.0,35.185224171518364,83.5,17.5,"[0.0, 0.0, 10.0, 0.0, 0.0, 10.0, 0.0, 0.0, 10.0, 0.0, 0.0, 10.0, 0.0, 0.0, 10.0, 0.0, 0.0, 10.0, 0.0, 0.0, 10.0, 0.0, 0.0, 10.0, 0.0, 0.0, 10.0, 0.0, 0.0, 10.0, 0.0, 0.0, 10.0, 0.0, 0.0, 10.0, 0.0, 0.0, 10.0, 0.0, 0.0, 10.0, 0.0, 0.0, 10.0, 0.0, 0.0, 10.0, 0.0, 0.0, 10.0, 0.0, 0.0, 10.0, 0.0, 0.0, 10.0, 0.0, 0.0]",10.0,3.2203389830508473,4.672558899013635,10.0,"[0.0, 10.0, 0.0, 10.0, 0.0, 10.0, 0.0, 10.0, 0.0, 10.0, 0.0, 10.0, 0.0, 10.0, 0.0, 10.0, 0.0, 10.0, 0.0, 10.0, 0.0, 10.0, 0.0, 10.0, 0.0, 10.0, 0.0, 10.0, 0.0, 10.0, 0.0, 10.0, 0.0, 10.0, 0.0, 10.0, 0.0, 10.0, 0.0]",10.0,4.871794871794871,4.9983560742610065,10.0,1.0954451150103321,4.0,4.0,5,6,4,6,4,-132,-147,66,101,-66,-132,-147,66,101,-66,1667314854.5,1667314902.0,1667314949.5,190.0,1667314854.5,1667314902.0,1667314949.5,190.0,3,2.857142857142857,21
B,100,100,0,1.0,0.0,49.44,35.13013521180924,0.0,0.0,"[109.0, 0.0, 11.0, 120.0, 121.0, 44.0, 76.0, -567.0, 0.0, 4.0, 0.0, 13.0, 0.0, 7.0, 0.0, 2.0, 0.0, 20.0, 0.0, 4.0, 0.0, 3.0, 0.0, 15.0, 0.0, 8.0, 0.0, 8.0, 0.0, 2.0, 3.0, 0.0, 11.0, 0.0, 11.0, 0.0, 3.0, 0.0, 10.0, 0.0, 8.0, 0.0, 13.0, 0.0, 5.0, 0.0, 3.0, 0.0, 21.0, 0.0, 1.0, 0.0, 20.0, 0.0, 3.0, 0.0, 8.0, 6.0, 0.0, 8.0, 0.0, 23.0, 0.0, 7.0, 0.0, 7.0, 0.0, 9.0, 0.0, 22.0, 0.0, 0.0, 0.0, 23.0, 0.0, 15.0, 0.0, 0.0, 7.0, 0.0, 23.0, 0.0, 0.0, 0.0, 8.0, 0.0, 14.0, 0.0, 23.0, 0.0, 1.0, 0.0, 21.0, 0.0, 0.0, 0.0, 17.0, 0.0, 6.0]",121.0,3.6363636363636362,61.60126827788148,8.5,[],0.0,0.0,0.0,0.0,1.2472191289246473,6.666666666666667,7.0,7,10,0,10,0,-42,-221,-221,-42,-42,-42,-70,-42,-42,-42,1667314900.0,1667315007.5,1667315137.0,567.0,0.0,0.0,0.0,0.0,100,100.0,1
B,100,0,11,0.0,0.11,0.0,0.0,201.0,0.0,[],0.0,0.0,0.0,0.0,"[0.0, 0.0, 0.0, 0.0, 0.0, 0.0, 0.0, 0.0, 0.0, 0.0]",0.0,0.0,0.0,0.0,0.0,0.0,0.0,0,0,10,0,0,201,201,201,201,201,201,201,201,201,201,0.0,0.0,0.0,0.0,1667315006.0,1667315006.0,1667315006.0,0.0,0,0.0,0
B,100,60,40,0.6,0.4,115.0,35.185224171518364,82.95,17.285760035358585,"[0.0, 0.0, 10.0, 0.0, 0.0, 10.0, 0.0, 0.0, 10.0, 0.0, 0.0, 10.0, 0.0, 0.0, 10.0, 0.0, 0.0, 10.0, 0.0, 0.0, 10.0, 0.0, 0.0, 10.0, 0.0, 0.0, 10.0, 0.0, 0.0, 10.0, 0.0, 0.0, 10.0, 0.0, 0.0, 0.0, 10.0, 0.0, 0.0, 10.0, 0.0, 0.0, 10.0, 0.0, 0.0, 10.0, 0.0, 0.0, 10.0, 0.0, 0.0, 10.0, 0.0, 0.0, 10.0, 0.0, 0.0, 10.0, 0.0]",10.0,3.2203389830508473,4.672558899013634,10.0,"[0.0, 10.0, 0.0, 10.0, 0.0, 10.0, 0.0, 10.0, 0.0, 10.0, 0.0, 10.0, 0.0, 10.0, 0.0, 10.0, 0.0, 10.0, 0.0, 10.0, 0.0, 10.0, 0.0, 0.0, 10.0, 0.0, 10.0, 0.0, 10.0, 0.0, 10.0, 0.0, 10.0, 0.0, 10.0, 0.0, 10.0, 0.0, 10.0]",10.0,4.871794871794871,4.9983560742610065,10.0,1.0954451150103321,4.0,4.0,5,6,4,6,4,-132,-147,66,101,-66,-132,-147,66,101,-66,1667315454.5,1667315502.0,1667315547.0,190.0,1667315454.5,1667315502.0,1667315547.0,190.0,3,2.857142857142857,21
B,100,100,0,1.0,0.0,42.0,0.0,0.0,0.0,"[120.0, 120.0, 120.0, -456.0, 0.0, 19.0, 0.0, 12.0, 0.0, 30.0, 0.0, 0.0, 0.0, 29.0, 0.0, 2.0, 0.0, 4.0, 7.0, 0.0, 20.0, 0.0, 22.0, 0.0, 9.0, 0.0, 30.0, 0.0, 3.0, 0.0, 29.0, 9.0, 0.0, 10.0, 0.0, 31.0, 0.0, 19.0, 0.0, 22.0, 0.0, 28.0, 0.0, 1.0, 12.0, 0.0, 37.0, 0.0, 4.0, 0.0, 41.0, 0.0, 5.0, 0.0, 21.0, -456.0, 0.0, 19.0, 0.0, 12.0, 0.0, 30.0, 0.0, 0.0, 0.0, 31.0, 0.0, 4.0, 7.0, 0.0, 20.0, 0.0, 22.0, 0.0, 9.0, 0.0, 30.0, 0.0, 3.0, 0.0, 29.0, 9.0, 0.0, 10.0, 0.0, 31.0, 0.0, 19.0, 0.0, 22.0, 0.0, 28.0, 0.0, 1.0, 12.0, 0.0, 37.0, 0.0, 4.0]",120.0,2.95959595959596,69.56791887939792,19.5,[],0.0,0.0,0.0,0.0,1.2472191289246473,6.666666666666667,7.0,7,10,0,10,0,-42,-42,-42,-42,-42,-42,-42,-42,-42,-42,1667315494.0,1667315589.0,1667315709.0,456.0,0.0,0.0,0.0,0.0,100,100.0,1
B,100,50,50,0.5,0.5,123.1,40.26524555991185,140.1,16.579806995257815,"[0.0, 1.0, 1.0, 0.0, 1.0, 1.0, 0.0, 1.0, 1.0, 0.0, 1.0, 1.0, 0.0, 1.0, 1.0, 0.0, 1.0, 1.0, 0.0, 1.0, 1.0, 0.0, 1.0, 1.0, 0.0, 1.0, 1.0, 0.0, 1.0, 1.0, 0.0, 1.0, 1.0, 0.0, 1.0, 1.0, 0.0, 1.0, 1.0, 0.0, 1.0, 1.0, 0.0, 1.0, 1.0, 0.0, 1.0, 1.0, 0.0]",1.0,0.6530612244897959,0.4759960730485959,1.0,"[0.0, 1.0, 1.0, 0.0, 1.0, 1.0, 0.0, 1.0, 1.0, 0.0, 1.0, 1.0, 0.0, 1.0, 1.0, 0.0, 1.0, 1.0, 0.0, 1.0, 1.0, 0.0, 1.0, 1.0, 0.0, 1.0, 1.0, 0.0, 1.0, 1.0, 0.0, 1.0, 1.0, 0.0, 1.0, 1.0, 0.0, 1.0, 1.0, 0.0, 1.0, 1.0, 0.0, 1.0, 1.0, 0.0, 1.0, 1.0, 0.0]",1.0,0.6530612244897959,0.4759960730485959,1.0,1.0110500592068734,3.3333333333333335,4.0,4,5,5,5,5,-152,152,-67,117,-152,152,-152,152,-67,117,1665607244.0,1665607252.0,1665607260.0,32.0,1665607244.0,1665607252.0,1665607260.0,32.0,2,1.25,40
B,100,50,50,0.5,0.5,142.0,0.0,142.0,0.0,"[1.0, 1.0, 1.0, 1.0, 1.0, 1.0, 1.0, 1.0, 1.0, 1.0, 1.0, 1.0, 1.0, 1.0, 1.0, 1.0, 1.0, 1.0, 1.0, 1.0, 1.0, 1.0, 1.0, 1.0, 1.0, 1.0, 1.0, 1.0, 1.0, 1.0, 1.0, 1.0, 1.0, 1.0, 1.0, 1.0, 1.0, 1.0, 1.0, 1.0, 1.0, 1.0, 1.0, 1.0, 1.0, 1.0, 1.0, 1.0, 1.0]",1.0,1.0,0.0,1.0,"[1.0, 1.0, 1.0, 1.0, 1.0, 1.0, 1.0, 1.0, 1.0, 1.0, 1.0, 1.0, 1.0, 1.0, 1.0, 1.0, 1.0, 1.0, 1.0, 1.0, 1.0, 1.0, 1.0, 1.0, 1.0, 1.0, 1.0, 1.0, 1.0, 1.0, 1.0, 1.0, 1.0, 1.0, 1.0, 1.0, 1.0, 1.0, 1.0, 1.0, 1.0, 1.0, 1.0, 1.0, 1.0, 1.0, 1.0, 1.0, 1.0]",1.0,1.0,0.0,1.0,0.7888106377466155,3.3333333333333335,3.0,4,5,5,5,5,-142,142,-142,142,-142,142,-142,142,-142,142,1665607248.25,1665607260.5,1665607272.75,49.0,1665607248.25,1665607260.5,1665607272.75,49.0,1,1.0,50
B,100,50,50,0.5,0.5,98.0,0.0,98.0,0.0,"[7.0, 5.0, 3.0, 4.0, 5.0, 7.0, 6.0, 5.0, 6.0, 1.0, 6.0, 6.0, 5.0, 6.0, 6.0, 0.0, 6.0, 7.0, 5.0, 7.0, 6.0, 2.0, 4.0, 6.0, 7.0, 6.0, 5.0, 5.0, 2.0, 6.0, 6.0, 6.0, 6.0, 6.0, 1.0, 5.0, 6.0, 6.0, 7.0, 7.0, 1.0, 5.0, 7.0, 6.0, 6.0, 7.0, 2.0, 4.0, 7.0]",7.0,5.163265306122449,1.8333301780796496,6.0,"[7.0, 5.0, 3.0, 4.0, 5.0, 7.0, 6.0, 5.0, 6.0, 1.0, 6.0, 6.0, 5.0, 6.0, 6.0, 0.0, 6.0, 7.0, 5.0, 7.0, 6.0, 2.0, 4.0, 6.0, 7.0, 6.0, 5.0, 5.0, 2.0, 6.0, 6.0, 6.0, 6.0, 6.0, 1.0, 5.0, 6.0, 6.0, 7.0, 7.0, 1.0, 5.0, 7.0, 6.0, 6.0, 7.0, 2.0, 4.0, 7.0]",7.0,5.163265306122449,1.8333301780796496,6.0,0.7888106377466155,3.3333333333333335,3.0,4,5,5,5,5,98,-98,98,-98,98,-98,-98,98,98,-98,1665607300.25,1665607362.5,1665607424.5,253.0,1665607300.25,1665607362.5,1665607424.5,253.0,2,1.1904761904761905,42
B,100,100,0,1.0,0.0,42.28,2.7859648238985355,0.0,0.0,"[0.0, 4.0, 0.0, 4.0, 0.0, 8.0, 0.0, 8.0, 0.0, 5.0, 8.0, 0.0, 8.0, 0.0, 2.0, 0.0, 21.0, 0.0, 1.0, 0.0, 5.0, 0.0, 1.0, 0.0, 8.0, 0.0, 6.0, 0.0, 20.0, 0.0, 1.0, 0.0, 2.0, 0.0, 3.0, 0.0, 4.0, 0.0, 12.0, 0.0, 15.0, 0.0, 7.0, 0.0, 0.0, 0.0, 7.0, 0.0, 13.0, 0.0, 1.0, 0.0, 9.0, 0.0, 6.0, 0.0, 6.0, 0.0, 10.0, 0.0, 6.0, 0.0, 4.0, 0.0, 5.0, 0.0, 6.0, 0.0, 11.0, 0.0, 13.0, 0.0, 6.0, 0.0, 2.0, 0.0, 5.0, 0.0, 11.0, 0.0, 5.0, 0.0, 12.0, 0.0, 4.0, 0.0, 4.0, 0.0, 1.0, 0.0, 21.0, 0.0, 4.0, 0.0, 9.0, 0.0, 3.0, 0.0, 3.0]",21.0,3.4343434343434343,4.907552654202502,6.0,[],0.0,0.0,0.0,0.0,1.2472191289246473,6.666666666666667,7.0,7,10,0,10,0,-42,-42,-42,-42,-42,-42,-42,-42,-42,-42,1665607327.0,1665607419.0,1665607502.5,340.0,0.0,0.0,0.0,0.0,100,100.0,1
B,100,50,50,0.5,0.5,98.0,0.0,98.0,0.0,"[6.0, 0.0, 6.0, 7.0, 6.0, 6.0, 6.0, 1.0, 6.0, 5.0, 7.0, 6.0, 6.0, 3.0, 3.0, 7.0, 6.0, 7.0, 5.0, 5.0, 2.0, 6.0, 5.0, 7.0, 6.0, 6.0, 1.0, 5.0, 6.0, 6.0, 6.0, 6.0, 2.0, 4.0, 7.0, 5.0, 7.0, 6.0, 3.0, 3.0, 6.0, 6.0, 7.0, 6.0, 5.0, 1.0, 6.0, 6.0, 7.0]",7.0,5.163265306122449,1.8333301780796496,6.0,"[6.0, 0.0, 6.0, 7.0, 6.0, 6.0, 6.0, 1.0, 6.0, 5.0, 7.0, 6.0, 6.0, 3.0, 3.0, 7.0, 6.0, 7.0, 5.0, 5.0, 2.0, 6.0, 5.0, 7.0, 6.0, 6.0, 1.0, 5.0, 6.0, 6.0, 6.0, 6.0, 2.0, 4.0, 7.0, 5.0, 7.0, 6.0, 3.0, 3.0, 6.0, 6.0, 7.0, 6.0, 5.0, 1.0, 6.0, 6.0, 7.0]",7.0,5.163265306122449,1.8333301780796496,6.0,0.7888106377466155,3.3333333333333335,3.0,4,5,5,5,5,98,-98,-98,98,98,-98,98,-98,98,-98,1665607863.5,1665607927.0,1665607989.25,253.0,1665607863.5,1665607927.0,1665607989.25,253.0,2,1.1904761904761905,42
B,100,50,50,0.5,0.5,123.1,40.26524555991185,140.1,16.579806995257815,"[1.0, 0.0, 1.0, 1.0, 0.0, 1.0, 1.0, 0.0, 1.0, 1.0, 0.0, 1.0, 1.0, 0.0, 1.0, 1.0, 0.0, 1.0, 1.0, 0.0, 1.0, 1.0, 0.0, 1.0, 1.0, 0.0, 1.0, 1.0, 0.0, 1.0, 1.0, 0.0, 1.0, 1.0, 0.0, 1.0, 1.0, 0.0, 1.0, 1.0, 0.0, 1.0, 1.0, 0.0, 1.0, 1.0, 0.0, 1.0, 1.0]",1.0,0.673469387755102,0.4689438895133085,1.0,"[1.0, 0.0, 1.0, 1.0, 0.0, 1.0, 1.0, 0.0, 1.0, 1.0, 0.0, 1.0, 1.0, 0.0, 1.0, 1.0, 0.0, 1.0, 1.0, 0.0, 1.0, 1.0, 0.0, 1.0, 1.0, 0.0, 1.0, 1.0, 0.0, 1.0, 1.0, 0.0, 1.0, 1.0, 0.0, 1.0, 1.0, 0.0, 1.0, 1.0, 0.0, 1.0, 1.0, 0.0, 1.0, 1.0, 0.0, 1.0, 1.0]",1.0,0.673469387755102,0.4689438895133085,1.0,0.7888106377466155,3.3333333333333335,3.0,4,5,5,5,5,-152,152,-67,117,-152,152,-152,152,-67,117,1665607808.25,1665607816.5,1665607824.75,33.0,1665607808.25,1665607816.5,1665607824.75,33.0,1,1.0,50
B,100,50,50,0.5,0.5,142.0,0.0,142.0,0.0,"[1.0, 1.0, 1.0, 1.0, 1.0, 1.0, 1.0, 1.0, 1.0, 1.0, 1.0, 1.0, 1.0, 1.0, 1.0, 1.0, 1.0, 1.0, 1.0, 1.0, 1.0, 1.0, 1.0, 1.0, 1.0, 1.0, 1.0, 1.0, 1.0, 1.0, 1.0, 1.0, 1.0, 1.0, 1.0, 1.0, 1.0, 1.0, 1.0, 1.0, 1.0, 1.0, 1.0, 1.0, 1.0, 1.0, 1.0, 1.0, 1.0]",1.0,1.0,0.0,1.0,"[1.0, 1.0, 1.0, 1.0, 1.0, 1.0, 1.0, 1.0, 1.0, 1.0, 1.0, 1.0, 1.0, 1.0, 1.0, 1.0, 1.0, 1.0, 1.0, 1.0, 1.0, 1.0, 1.0, 1.0, 1.0, 1.0, 1.0, 1.0, 1.0, 1.0, 1.0, 1.0, 1.0, 1.0, 1.0, 1.0, 1.0, 1.0, 1.0, 1.0, 1.0, 1.0, 1.0, 1.0, 1.0, 1.0, 1.0, 1.0, 1.0]",1.0,1.0,0.0,1.0,0.7888106377466155,3.3333333333333335,3.0,4,5,5,5,5,-142,142,-142,142,-142,142,-142,142,-142,142,1665607812.25,1665607824.5,1665607836.75,49.0,1665607812.25,1665607824.5,1665607836.75,49.0,1,1.0,50
B,100,100,0,1.0,0.0,45.0,13.076696830622021,0.0,0.0,"[0.0, 6.0, 0.0, 4.0, 0.0, 4.0, 0.0, 19.0, 0.0, 2.0, 0.0, 4.0, 0.0, 0.0, 0.0, 6.0, 0.0, 16.0, 0.0, 4.0, 0.0, 7.0, 0.0, 4.0, 0.0, 18.0, 0.0, 8.0, 0.0, 2.0, 0.0, 5.0, 2.0, 0.0, 18.0, 0.0, 0.0, 0.0, 3.0, 11.0, 0.0, 0.0, 2.0, 0.0, 6.0, 0.0, 4.0, 0.0, 27.0, 0.0, 1.0, 0.0, 7.0, 0.0, 19.0, 0.0, 14.0, 0.0, 6.0, 0.0, 6.0, 0.0, 27.0, 0.0, 1.0, 0.0, 0.0, 5.0, 0.0, 20.0, 0.0, 15.0, 0.0, 1.0, 0.0, 3.0, 0.0, 8.0, 0.0, 27.0, 0.0, 1.0, 0.0, 3.0, 0.0, 22.0, 0.0, 15.0, 8.0, 0.0, 1.0, 0.0, 3.0, 0.0, 1.0, 0.0, 1.0, 0.0, 1.0]",27.0,4.02020202020202,6.771866636088281,5.0,[],0.0,0.0,0.0,0.0,1.2472191289246473,6.666666666666667,7.0,7,10,0,10,0,-42,-42,-42,-42,-42,-42,-42,-42,-42,-42,1665607879.0,1665607985.0,1665608107.0,398.0,0.0,0.0,0.0,0.0,100,100.0,1
B,100,0,77,0.0,0.77,0.0,0.0,82.0,0.0,[],0.0,0.0,0.0,0.0,"[1.0, 2.0, 4.0, 8.0, 16.0, 32.0, -63.0, 1.0, 2.0, 4.0, 8.0, 16.0, 32.0, -63.0, 1.0, 2.0, 4.0, 8.0, 16.0, 32.0, -63.0, 1.0, 2.0, 4.0, 8.0, 16.0, 32.0, -63.0, 1.0, 2.0, 4.0, 8.0, 16.0, 32.0, -63.0, 1.0, 2.0, 4.0, 8.0, 16.0, 32.0, -63.0, 1.0, 2.0, 4.0, 8.0, 16.0, 32.0, -63.0, 1.0, 2.0, 4.0, 8.0, 16.0, 32.0, -63.0, 1.0, 2.0, 4.0, 8.0, 16.0, 32.0, -63.0, 1.0, 2.0, 4.0, 8.0, 16.0, 32.0, -63.0, 1.0, 2.0, 4.0, 8.0, 16.0, 32.0]",32.0,0.8289473684210527,26.81632856748543,16.0,0.0,0.0,0.0,0,0,10,0,0,82,82,82,82,82,82,82,82,82,82,0.0,0.0,0.0,0.0,1665608199.0,1665608205.0,1665608229.0,63.0,0,0.0,0
B,100,75,25,0.75,0.25,123.66666666666667,40.069384267237695,117.0,0.0,"[1.0, 0.0, 1.0, 1.0, 0.0, 1.0, 1.0, 0.0, 1.0, 1.0, 0.0, 1.0, 1.0, 0.0, 1.0, 1.0, 0.0, 1.0, 1.0, 0.0, 1.0, 1.0, 0.0, 1.0, 1.0, 0.0, 1.0, 1.0, 0.0, 1.0, 1.0, 0.0, 1.0, 1.0, 0.0, 1.0, 1.0, 0.0, 1.0, 1.0, 0.0, 1.0, 1.0, 0.0, 1.0, 1.0, 0.0, 1.0, 1.0, 0.0, 1.0, 1.0, 0.0, 1.0, 1.0, 0.0, 1.0, 1.0, 0.0, 1.0, 1.0, 1.0, 1.0, 0.0, 1.0, 1.0, 0.0, 1.0, 1.0, 0.0, 1.0, 1.0, 0.0, 1.0]",1.0,0.6756756756756757,0.4681218398834804,1.0,"[2.0, 2.0, 2.0, 2.0, 2.0, 2.0, 2.0, 2.0, 2.0, 2.0, 2.0, 2.0, 2.0, 2.0, 2.0, 2.0, 2.0, 2.0, 2.0, 2.0, 2.0, 2.0, 2.0, 2.0]",2.0,2.0,0.0,2.0,1.1547005383792515,5.0,5.0,6,8,2,7,3,-152,-152,-67,117,-152,-152,-67,117,-152,-152,1665608412.5,1665608425.0,1665608437.0,50.0,1665608413.0,1665608425.0,1665608437.0,48.0,3,2.8846153846153846,26
B,100,100,0,1.0,0.0,142.0,0.0,0.0,0.0,"[1.0, 1.0, 1.0, 1.0, 1.0, 1.0, 1.0, 1.0, 1.0, 1.0, 1.0, 1.0, 1.0, 1.0, 1.0, 1.0, 1.0, 1.0, 1.0, 1.0, 1.0, 1.0, 1.0, 1.0, 1.0, 1.0, 1.0, 1.0, 1.0, 1.0, 1.0, 1.0, 1.0, 1.0, 1.0, 1.0, 1.0, 1.0, 1.0, 1.0, 2.0, 1.0, 1.0, 1.0, 1.0, 1.0, 1.0, 1.0, 1.0, 1.0, 1.0, 1.0, 1.0, 1.0, 1.0, 1.0, 1.0, 1.0, 1.0, 1.0, 1.0, 1.0, 1.0, 1.0, 1.0, 1.0, 1.0, 1.0, 1.0, 1.0, 1.0, 1.0, 1.0, 1.0, 1.0, 1.0, 1.0, 1.0, 1.0, 1.0, 1.0, 1.0, 2.0, 1.0, 1.0, 1.0, 1.0, 1.0, 1.0, 1.0, 1.0, 1.0, 1.0, 1.0, 1.0, 1.0, 1.0, 1.0, 1.0]",2.0,1.02020202020202,0.14069079067862747,1.0,[],0.0,0.0,0.0,0.0,1.2472191289246473,6.666666666666667,7.0,7,10,0,10,0,-142,-142,-142,-142,-142,-142,-142,-142,-142,-142,1665608424.75,1665608450.5,1665608475.25,101.0,0.0,0.0,0.0,0.0,100,100.0,1
B,100,50,50,0.5,0.5,98.0,0.0,98.0,0.0,"[6.0, 6.0, 0.0, 7.0, 6.0, 6.0, 6.0, 6.0, 0.0, 6.0, 6.0, 6.0, 6.0, 6.0, 2.0, 4.0, 7.0, 6.0, 6.0, 6.0, 4.0, 2.0, 6.0, 7.0, 6.0, 6.0, 6.0, 0.0, 5.0, 7.0, 5.0, 7.0, 6.0, 3.0, 4.0, 6.0, 6.0, 6.0, 6.0, 2.0, 4.0, 6.0, 5.0, 6.0, 6.0, 4.0, 3.0, 6.0, 6.0]",7.0,5.1020408163265305,1.8210212200983034,6.0,"[6.0, 6.0, 0.0, 7.0, 6.0, 6.0, 6.0, 6.0, 0.0, 6.0, 6.0, 6.0, 6.0, 6.0, 2.0, 4.0, 7.0, 6.0, 6.0, 6.0, 4.0, 2.0, 6.0, 7.0, 6.0, 6.0, 6.0, 0.0, 5.0, 7.0, 5.0, 7.0, 6.0, 3.0, 4.0, 6.0, 6.0, 6.0, 6.0, 2.0, 4.0, 6.0, 5.0, 6.0, 6.0, 4.0, 3.0, 6.0, 6.0]",7.0,5.1020408163265305,1.8210212200983034,6.0,0.7888106377466155,3.3333333333333335,3.0,4,5,5,5,5,98,-98,98,-98,-98,98,98,-98,98,-98,1665608464.5,1665608528.0,1665608590.5,250.0,1665608464.5,1665608528.0,1665608590.5,250.0,2,1.1904761904761905,42
B,100,100,0,1.0,0.0,42.0,0.0,0.0,0.0,"[0.0, 19.0, 0.0, 2.0, 0.0, 2.0, 0.0, 18.0, 1.0, 0.0, 21.0, 0.0, 3.0, 0.0, 5.0, 0.0, 30.0, 0.0, 0.0, 0.0, 8.0, 0.0, 5.0, 0.0, 15.0, 0.0, 2.0, 0.0, 11.0, 0.0, 13.0, 0.0, 4.0, 0.0, 2.0, 6.0, 0.0, 4.0, 0.0, 18.0, 0.0, 9.0, 0.0, 1.0, 0.0, 1.0, 0.0, 17.0, 0.0, 10.0, 0.0, 1.0, 0.0, 17.0, 0.0, 2.0, 0.0, 10.0, 0.0, 1.0, 0.0, 19.0, 0.0, 5.0, 4.0, 0.0, 2.0, 0.0, 1.0, 0.0, 16.0, 0.0, 9.0, 0.0, 11.0, 0.0, 10.0, 0.0, 0.0, 0.0, 8.0, 0.0, 14.0, 0.0, 8.0, 0.0, 7.0, 0.0, 7.0, 0.0, 23.0, 5.0, 0.0, 8.0, 0.0, 10.0, 0.0, 26.0, 0.0]",30.0,4.555555555555555,6.865551869233514,8.0,[],0.0,0.0,0.0,0.0,1.2472191289246473,6.666666666666667,7.0,7,10,0,10,0,-42,-42,-42,-42,-42,-42,-42,-42,-42,-42,1665608536.25,1665608633.0,1665608727.75,451.0,0.0,0.0,0.0,0.0,100,100.0,1
B,100,75,25,0.75,0.25,123.66666666666667,40.069384267237695,117.0,0.0,"[1.0, 0.0, 1.0, 1.0, 0.0, 1.0, 1.0, 0.0, 1.0, 1.0, 0.0, 1.0, 1.0, 0.0, 1.0, 1.0, 0.0, 1.0, 1.0, 0.0, 1.0, 1.0, 0.0, 1.0, 1.0, 0.0, 1.0, 1.0, 0.0, 1.0, 1.0, 0.0, 1.0, 1.0, 0.0, 1.0, 1.0, 0.0, 1.0, 1.0, 0.0, 1.0, 1.0, 0.0, 1.0, 1.0, 0.0, 1.0, 1.0, 0.0, 1.0, 1.0, 0.0, 1.0, 1.0, 0.0, 1.0, 1.0, 1.0, 1.0, 0.0, 1.0, 1.0, 0.0, 1.0, 1.0, 0.0, 1.0, 1.0, 0.0, 1.0, 1.0, 0.0, 1.0]",1.0,0.6756756756756757,0.4681218398834804,1.0,"[2.0, 2.0, 2.0, 2.0, 2.0, 2.0, 2.0, 2.0, 2.0, 2.0, 2.0, 2.0, 2.0, 2.0, 2.0, 2.0, 2.0, 2.0, 2.0, 2.0, 2.0, 2.0, 2.0, 2.0]",2.0,2.0,0.0,2.0,1.1547005383792515,5.0,5.0,6,8,2,7,3,-152,-152,-67,117,-152,-152,-67,117,-152,-152,1665609012.5,1665609025.0,1665609037.0,50.0,1665609013.0,1665609025.0,1665609037.0,48.0,3,2.8846153846153846,26
B,100,100,0,1.0,0.0,142.0,0.0,0.0,0.0,"[1.0, 1.0, 1.0, 1.0, 1.0, 1.0, 1.0, 1.0, 1.0, 1.0, 1.0, 1.0, 1.0, 1.0, 1.0, 1.0, 1.0, 1.0, 1.0, 1.0, 1.0, 1.0, 1.0, 1.0, 1.0, 1.0, 1.0, 1.0, 1.0, 1.0, 1.0, 1.0, 1.0, 1.0, 1.0, 1.0, 1.0, 1.0, 2.0, 1.0, 1.0, 1.0, 1.0, 1.0, 1.0, 1.0, 1.0, 1.0, 1.0, 1.0, 1.0, 1.0, 1.0, 1.0, 1.0, 1.0, 1.0, 1.0, 1.0, 1.0, 1.0, 1.0, 1.0, 1.0, 1.0, 1.0, 1.0, 1.0, 1.0, 1.0, 1.0, 1.0, 1.0, 1.0, 1.0, 1.0, 1.0, 1.0, 1.0, 1.0, 2.0, 1.0, 1.0, 1.0, 1.0, 1.0, 1.0, 1.0, 1.0, 1.0, 1.0, 1.0, 1.0, 1.0, 1.0, 1.0, 1.0, 1.0, 1.0]",2.0,1.02020202020202,0.14069079067862747,1.0,[],0.0,0.0,0.0,0.0,1.2472191289246473,6.666666666666667,7.0,7,10,0,10,0,-142,-142,-142,-142,-142,-142,-142,-142,-142,-142,1665609024.75,1665609050.5,1665609075.25,101.0,0.0,0.0,0.0,0.0,100,100.0,1
B,100,50,50,0.5,0.5,98.0,0.0,98.0,0.0,"[7.0, 6.0, 6.0, 2.0, 4.0, 6.0, 6.0, 6.0, 6.0, 5.0, 2.0, 6.0, 7.0, 6.0, 6.0, 6.0, 0.0, 6.0, 6.0, 6.0, 6.0, 7.0, 2.0, 4.0, 7.0, 6.0, 6.0, 6.0, 3.0, 3.0, 6.0, 6.0, 7.0, 6.0, 5.0, 1.0, 6.0, 6.0, 6.0, 6.0, 6.0, 2.0, 3.0, 7.0, 6.0, 6.0, 6.0, 5.0, 1.0]",7.0,5.142857142857143,1.7956864414252192,6.0,"[7.0, 6.0, 6.0, 2.0, 4.0, 6.0, 6.0, 6.0, 6.0, 5.0, 2.0, 6.0, 7.0, 6.0, 6.0, 6.0, 0.0, 6.0, 6.0, 6.0, 6.0, 7.0, 2.0, 4.0, 7.0, 6.0, 6.0, 6.0, 3.0, 3.0, 6.0, 6.0, 7.0, 6.0, 5.0, 1.0, 6.0, 6.0, 6.0, 6.0, 6.0, 2.0, 3.0, 7.0, 6.0, 6.0, 6.0, 5.0, 1.0]",7.0,5.142857142857143,1.7956864414252192,6.0,0.7888106377466155,3.3333333333333335,3.0,4,5,5,5,5,98,-98,98,-98,98,-98,98,-98,-98,98,1665609064.75,1665609128.5,1665609191.5,252.0,1665609064.75,1665609128.5,1665609191.5,252.0,2,1.1904761904761905,42
B,100,100,0,1.0,0.0,42.0,0.0,0.0,0.0,"[0.0, 22.0, 0.0, 3.0, 0.0, 12.0, 7.0, 0.0, 22.0, 0.0, 2.0, 0.0, 24.0, 0.0, 10.0, 0.0, 0.0, 0.0, 6.0, 0.0, 28.0, 0.0, 1.0, 0.0, 4.0, 0.0, 17.0, 14.0, 0.0, 0.0, 0.0, 18.0, 0.0, 16.0, 0.0, 0.0, 0.0, 1.0, 0.0, 33.0, 0.0, 2.0, 0.0, 1.0, 0.0, 29.0, 0.0, 5.0, 0.0, 1.0, 0.0, 0.0, 10.0, 0.0, 21.0, 0.0, 2.0, 0.0, 1.0, 0.0, 26.0, 0.0, 8.0, 0.0, 3.0, 0.0, 22.0, 0.0, 10.0, 0.0, 2.0, 0.0, 4.0, 0.0, 7.0, 0.0, 4.0, 6.0, 0.0, 2.0, 0.0, 19.0, 0.0, 1.0, 0.0, 4.0, 0.0, 8.0, 0.0, 11.0, 0.0, 5.0, 0.0, 3.0, 0.0, 14.0, 0.0, 6.0, 0.0]",33.0,4.818181818181818,7.944712537296454,6.0,[],0.0,0.0,0.0,0.0,1.2472191289246473,6.666666666666667,7.0,7,10,0,10,0,-42,-42,-42,-42,-42,-42,-42,-42,-42,-42,1665609156.0,1665609293.5,1665609404.75,477.0,0.0,0.0,0.0,0.0,100,100.0,1
B,100,75,25,0.75,0.25,123.66666666666667,40.069384267237695,117.0,0.0,"[1.0, 0.0, 1.0, 1.0, 0.0, 1.0, 1.0, 0.0, 1.0, 1.0, 0.0, 1.0, 1.0, 0.0, 1.0, 1.0, 0.0, 1.0, 1.0, 0.0, 1.0, 1.0, 0.0, 1.0, 1.0, 0.0, 1.0, 1.0, 0.0, 1.0, 1.0, 0.0, 1.0, 1.0, 0.0, 1.0, 1.0, 0.0, 1.0, 1.0, 0.0, 1.0, 1.0, 0.0, 1.0, 1.0, 0.0, 1.0, 1.0, 0.0, 1.0, 1.0, 0.0, 2.0, 0.0, 1.0, 1.0, 0.0, 1.0, 1.0, 0.0, 1.0, 1.0, 0.0, 1.0, 1.0, 0.0, 1.0, 1.0, 0.0, 1.0, 1.0, 0.0, 1.0]",2.0,0.6756756756756757,0.4961502635320492,1.0,"[2.0, 2.0, 2.0, 2.0, 2.0, 2.0, 2.0, 2.0, 2.0, 2.0, 2.0, 2.0, 2.0, 2.0, 2.0, 2.0, 2.0, 2.0, 2.0, 2.0, 2.0, 2.0, 2.0, 2.0]",2.0,2.0,0.0,2.0,1.1547005383792515,5.0,5.0,6,8,2,7,3,-152,-152,-67,117,-152,-152,-67,117,-152,-152,1665609612.5,1665609625.0,1665609637.5,50.0,1665609613.0,1665609625.0,1665609637.0,48.0,3,2.8846153846153846,26
B,100,100,0,1.0,0.0,142.0,0.0,0.0,0.0,"[1.0, 1.0, 1.0, 1.0, 1.0, 1.0, 1.0, 1.0, 1.0, 1.0, 1.0, 1.0, 1.0, 1.0, 1.0, 1.0, 1.0, 1.0, 1.0, 1.0, 1.0, 1.0, 1.0, 1.0, 1.0, 1.0, 1.0, 1.0, 1.0, 1.0, 1.0, 1.0, 1.0, 1.0, 1.0, 2.0, 1.0, 1.0, 1.0, 1.0, 1.0, 1.0, 1.0, 1.0, 1.0, 1.0, 1.0, 1.0, 1.0, 1.0, 1.0, 1.0, 1.0, 1.0, 1.0, 1.0, 1.0, 1.0, 1.0, 1.0, 1.0, 1.0, 1.0, 1.0, 1.0, 1.0, 1.0, 1.0, 1.0, 1.0, 1.0, 1.0, 1.0, 1.0, 1.0, 1.0, 1.0, 2.0, 1.0, 1.0, 1.0, 1.0, 1.0, 1.0, 1.0, 1.0, 1.0, 1.0, 1.0, 1.0, 1.0, 1.0, 1.0, 1.0, 1.0, 1.0, 1.0, 1.0, 1.0]",2.0,1.02020202020202,0.14069079067862747,1.0,[],0.0,0.0,0.0,0.0,1.2472191289246473,6.666666666666667,7.0,7,10,0,10,0,-142,-142,-142,-142,-142,-142,-142,-142,-142,-142,1665609624.75,1665609650.5,1665609675.25,101.0,0.0,0.0,0.0,0.0,100,100.0,1
B,100,100,0,1.0,0.0,43.3,9.100000000000001,0.0,0.0,"[0.0, 3.0, 0.0, 3.0, 0.0, 5.0, 0.0, 11.0, 0.0, 13.0, 0.0, 0.0, 0.0, 10.0, 0.0, 9.0, 3.0, 0.0, 0.0, 0.0, 8.0, 0.0, 2.0, 0.0, 14.0, 0.0, 9.0, 0.0, 2.0, 4.0, 10.0, 0.0, 13.0, 0.0, 10.0, 0.0, 18.0, 0.0, 10.0, 0.0, 11.0, 0.0, 6.0, 8.0, 0.0, 6.0, 0.0, 9.0, 0.0, 10.0, 0.0, 22.0, 0.0, 6.0, 0.0, 11.0, 0.0, 24.0, 0.0, 5.0, 0.0, 9.0, 0.0, 10.0, 17.0, 0.0, 2.0, 0.0, 10.0, 0.0, 29.0, 0.0, 1.0, 0.0, 9.0, 0.0, 15.0, 0.0, 14.0, 0.0, 2.0, 0.0, 8.0, 0.0, 14.0, 6.0, 0.0, 0.0, 0.0, 11.0, 0.0, 18.0, 0.0, 3.0, 0.0, 9.0, 0.0, 1.0, 0.0]",29.0,4.6767676767676765,6.316290118829077,9.0,[],0.0,0.0,0.0,0.0,1.2472191289246473,6.666666666666667,7.0,7,10,0,10,0,-42,-42,-42,-42,-42,-42,-42,-42,-42,-42,1665609677.5,1665609802.0,1665609955.25,463.0,0.0,0.0,0.0,0.0,100,100.0,1
B,100,50,50,0.5,0.5,98.0,0.0,98.0,0.0,"[4.0, 3.0, 6.0, 6.0, 6.0, 6.0, 6.0, 0.0, 6.0, 7.0, 6.0, 5.0, 7.0, 2.0, 4.0, 6.0, 6.0, 7.0, 6.0, 3.0, 3.0, 6.0, 7.0, 6.0, 6.0, 5.0, 1.0, 6.0, 6.0, 6.0, 7.0, 6.0, 1.0, 5.0, 6.0, 6.0, 6.0, 6.0, 2.0, 4.0, 6.0, 6.0, 6.0, 5.0, 5.0, 1.0, 7.0, 6.0, 6.0]",7.0,5.122448979591836,1.780078570396451,6.0,"[4.0, 3.0, 6.0, 6.0, 6.0, 6.0, 6.0, 0.0, 6.0, 7.0, 6.0, 5.0, 7.0, 2.0, 4.0, 6.0, 6.0, 7.0, 6.0, 3.0, 3.0, 6.0, 7.0, 6.0, 6.0, 5.0, 1.0, 6.0, 6.0, 6.0, 7.0, 6.0, 1.0, 5.0, 6.0, 6.0, 6.0, 6.0, 2.0, 4.0, 6.0, 6.0, 6.0, 5.0, 5.0, 1.0, 7.0, 6.0, 6.0]",7.0,5.122448979591836,1.780078570396451,6.0,0.7888106377466155,3.3333333333333335,3.0,4,5,5,5,5,98,-98,-98,98,98,-98,98,-98,98,-98,1665609666.75,1665609731.0,1665609793.5,251.0,1665609666.75,1665609731.0,1665609793.5,251.0,2,1.1904761904761905,42
B,100,0,11,0.0,0.11,0.0,0.0,87.0,0.0,[],0.0,0.0,0.0,0.0,"[0.0, 0.0, 0.0, 0.0, 0.0, 0.0, 0.0, 0.0, 0.0, 0.0]",0.0,0.0,0.0,0.0,0.0,0.0,0.0,0,0,10,0,0,87,87,87,87,87,87,87,87,87,87,0.0,0.0,0.0,0.0,1665609618.0,1665609618.0,1665609618.0,0.0,0,0.0,0
B,100,75,25,0.75,0.25,122.53333333333333,40.452221474502764,117.0,0.0,"[0.0, 1.0, 1.0, 0.0, 1.0, 1.0, 0.0, 1.0, 1.0, 0.0, 1.0, 1.0, 0.0, 1.0, 1.0, 0.0, 1.0, 1.0, 0.0, 1.0, 1.0, 0.0, 1.0, 1.0, 0.0, 1.0, 1.0, 0.0, 1.0, 1.0, 0.0, 1.0, 1.0, 0.0, 1.0, 1.0, 0.0, 1.0, 1.0, 0.0, 1.0, 1.0, 0.0, 1.0, 1.0, 0.0, 1.0, 1.0, 0.0, 1.0, 1.0, 1.0, 1.0, 0.0, 1.0, 1.0, 0.0, 1.0, 1.0, 0.0, 1.0, 1.0, 0.0, 1.0, 1.0, 0.0, 1.0, 1.0, 0.0, 1.0, 1.0, 0.0, 1.0, 1.0]",1.0,0.6756756756756757,0.4681218398834804,1.0,"[2.0, 2.0, 2.0, 2.0, 2.0, 2.0, 2.0, 2.0, 2.0, 2.0, 2.0, 2.0, 2.0, 2.0, 2.0, 2.0, 2.0, 2.0, 2.0, 2.0, 2.0, 2.0, 2.0, 2.0]",2.0,2.0,0.0,2.0,0.8944271909999159,5.0,5.0,6,7,3,8,2,-152,-67,117,-152,-67,117,-152,-152,-67,117,1665610212.0,1665610224.0,1665610237.5,50.0,1665610212.0,1665610224.0,1665610236.0,48.0,3,2.8846153846153846,26
B,100,100,0,1.0,0.0,142.0,0.0,0.0,0.0,"[1.0, 1.0, 1.0, 1.0, 1.0, 1.0, 1.0, 1.0, 1.0, 1.0, 1.0, 1.0, 1.0, 1.0, 1.0, 1.0, 1.0, 1.0, 1.0, 1.0, 1.0, 1.0, 1.0, 1.0, 1.0, 1.0, 1.0, 1.0, 1.0, 1.0, 1.0, 1.0, 1.0, 2.0, 1.0, 1.0, 1.0, 1.0, 1.0, 1.0, 1.0, 1.0, 1.0, 1.0, 1.0, 1.0, 1.0, 1.0, 1.0, 1.0, 1.0, 1.0, 1.0, 1.0, 1.0, 1.0, 1.0, 1.0, 1.0, 1.0, 1.0, 1.0, 1.0, 1.0, 1.0, 1.0, 1.0, 1.0, 1.0, 1.0, 1.0, 1.0, 1.0, 1.0, 2.0, 1.0, 1.0, 1.0, 1.0, 1.0, 1.0, 1.0, 1.0, 1.0, 1.0, 1.0, 1.0, 1.0, 1.0, 1.0, 1.0, 1.0, 1.0, 1.0, 1.0, 1.0, 1.0, 1.0, 1.0]",2.0,1.02020202020202,0.14069079067862747,1.0,[],0.0,0.0,0.0,0.0,1.2472191289246473,6.666666666666667,7.0,7,10,0,10,0,-142,-142,-142,-142,-142,-142,-142,-142,-142,-142,1665610224.75,1665610250.5,1665610275.5,101.0,0.0,0.0,0.0,0.0,100,100.0,1
B,100,50,50,0.5,0.5,98.0,0.0,98.0,0.0,"[6.0, 6.0, 6.0, 2.0, 5.0, 5.0, 6.0, 6.0, 6.0, 3.0, 3.0, 7.0, 5.0, 7.0, 7.0, 4.0, 2.0, 6.0, 6.0, 7.0, 7.0, 5.0, 0.0, 7.0, 6.0, 6.0, 5.0, 7.0, 1.0, 5.0, 5.0, 6.0, 7.0, 6.0, 4.0, 2.0, 6.0, 6.0, 7.0, 6.0, 5.0, 1.0, 5.0, 6.0, 6.0, 7.0, 5.0, 4.0, 2.0]",7.0,5.1020408163265305,1.809779532848601,6.0,"[6.0, 6.0, 6.0, 2.0, 5.0, 5.0, 6.0, 6.0, 6.0, 3.0, 3.0, 7.0, 5.0, 7.0, 7.0, 4.0, 2.0, 6.0, 6.0, 7.0, 7.0, 5.0, 0.0, 7.0, 6.0, 6.0, 5.0, 7.0, 1.0, 5.0, 5.0, 6.0, 7.0, 6.0, 4.0, 2.0, 6.0, 6.0, 7.0, 6.0, 5.0, 1.0, 5.0, 6.0, 6.0, 7.0, 5.0, 4.0, 2.0]",7.0,5.1020408163265305,1.809779532848601,6.0,0.7888106377466155,3.3333333333333335,3.0,4,5,5,5,5,98,-98,98,-98,98,-98,98,-98,-98,98,1665610266.25,1665610331.0,1665610392.5,250.0,1665610266.25,1665610331.0,1665610392.5,250.0,2,1.1904761904761905,42
B,100,100,0,1.0,0.0,42.0,0.0,0.0,0.0,"[0.0, 9.0, 0.0, 5.0, 0.0, 1.0, 0.0, 17.0, 0.0, 8.0, 0.0, 4.0, 0.0, 4.0, 14.0, 0.0, 9.0, 0.0, 1.0, 0.0, 22.0, 0.0, 7.0, 0.0, 0.0, 0.0, 6.0, 0.0, 11.0, 0.0, 8.0, 0.0, 0.0, 0.0, 12.0, 0.0, 4.0, 0.0, 8.0, 0.0, 1.0, 0.0, 13.0, 0.0, 4.0, 5.0, 0.0, 1.0, 0.0, 1.0, 0.0, 13.0, 0.0, 10.0, 0.0, 2.0, 0.0, 5.0, 0.0, 7.0, 0.0, 10.0, 0.0, 2.0, 0.0, 12.0, 0.0, 5.0, 0.0, 5.0, 0.0, 3.0, 0.0, 11.0, 0.0, 9.0, 0.0, 1.0, 0.0, 3.0, 0.0, 11.0, 0.0, 4.0, 6.0, 0.0, 4.0, 0.0, 7.0, 0.0, 3.0, 0.0, 10.0, 0.0, 5.0, 0.0, 7.0, 0.0, 5.0]",22.0,3.3838383838383836,4.6486819478931976,5.5,[],0.0,0.0,0.0,0.0,1.2472191289246473,6.666666666666667,7.0,7,10,0,10,0,-42,-42,-42,-42,-42,-42,-42,-42,-42,-42,1665610308.0,1665610381.5,1665610467.0,335.0,0.0,0.0,0.0,0.0,100,100.0,1
B,100,75,25,0.75,0.25,123.66666666666667,40.069384267237695,117.0,0.0,"[0.0, 1.0, 1.0, 0.0, 1.0, 1.0, 0.0, 1.0, 1.0, 0.0, 1.0, 1.0, 0.0, 1.0, 1.0, 0.0, 1.0, 1.0, 0.0, 1.0, 1.0, 0.0, 1.0, 1.0, 0.0, 1.0, 1.0, 0.0, 1.0, 1.0, 0.0, 1.0, 1.0, 0.0, 1.0, 1.0, 0.0, 1.0, 1.0, 0.0, 1.0, 1.0, 0.0, 1.0, 1.0, 0.0, 2.0, 0.0, 1.0, 1.0, 0.0, 1.0, 1.0, 0.0, 1.0, 1.0, 0.0, 1.0, 1.0, 0.0, 1.0, 1.0, 0.0, 1.0, 1.0, 0.0, 1.0, 1.0, 0.0, 1.0, 1.0, 0.0, 1.0, 1.0]",2.0,0.6756756756756757,0.4961502635320492,1.0,"[2.0, 2.0, 2.0, 2.0, 2.0, 2.0, 2.0, 2.0, 2.0, 2.0, 2.0, 2.0, 2.0, 2.0, 2.0, 2.0, 2.0, 2.0, 2.0, 2.0, 2.0, 2.0, 2.0, 2.0]",2.0,2.0,0.0,2.0,0.8944271909999159,5.0,5.0,6,8,2,8,2,-152,-67,117,-152,-152,-67,117,-152,-152,-67,1665610812.0,1665610824.0,1665610837.5,50.0,1665610812.0,1665610824.0,1665610836.0,48.0,3,2.8846153846153846,26
B,100,100,0,1.0,0.0,142.0,0.0,0.0,0.0,"[1.0, 1.0, 1.0, 1.0, 1.0, 1.0, 1.0, 1.0, 1.0, 1.0, 1.0, 1.0, 1.0, 1.0, 1.0, 1.0, 1.0, 1.0, 1.0, 1.0, 1.0, 1.0, 1.0, 1.0, 1.0, 1.0, 1.0, 1.0, 1.0, 1.0, 2.0, 1.0, 1.0, 1.0, 1.0, 1.0, 1.0, 1.0, 1.0, 1.0, 1.0, 1.0, 1.0, 1.0, 1.0, 1.0, 1.0, 1.0, 1.0, 1.0, 1.0, 1.0, 1.0, 1.0, 1.0, 1.0, 1.0, 1.0, 1.0, 1.0, 1.0, 1.0, 1.0, 1.0, 1.0, 1.0, 1.0, 1.0, 1.0, 1.0, 1.0, 1.0, 2.0, 1.0, 1.0, 1.0, 1.0, 1.0, 1.0, 1.0, 1.0, 1.0, 1.0, 1.0, 1.0, 1.0, 1.0, 1.0, 1.0, 1.0, 1.0, 1.0, 1.0, 1.0, 1.0, 1.0, 1.0, 1.0, 1.0]",2.0,1.02020202020202,0.14069079067862747,1.0,[],0.0,0.0,0.0,0.0,1.2472191289246473,6.666666666666667,7.0,7,10,0,10,0,-142,-142,-142,-142,-142,-142,-142,-142,-142,-142,1665610824.75,1665610850.5,1665610876.25,101.0,0.0,0.0,0.0,0.0,100,100.0,1
B,100,100,0,1.0,0.0,42.56,3.9199999999999986,0.0,0.0,"[0.0, 2.0, 0.0, 12.0, 0.0, 12.0, 0.0, 8.0, 0.0, 4.0, 0.0, 14.0, 0.0, 3.0, 16.0, 0.0, 3.0, 0.0, 2.0, 0.0, 2.0, 0.0, 29.0, 0.0, 3.0, 0.0, 2.0, 0.0, 12.0, 0.0, 16.0, 0.0, 4.0, 0.0, 0.0, 0.0, 24.0, 0.0, 4.0, 0.0, 1.0, 0.0, 2.0, 1.0, 0.0, 30.0, 0.0, 4.0, 0.0, 4.0, 0.0, 21.0, 0.0, 4.0, 0.0, 5.0, 0.0, 14.0, 0.0, 13.0, 0.0, 2.0, 0.0, 5.0, 0.0, 17.0, 9.0, 0.0, 0.0, 0.0, 8.0, 0.0, 25.0, 0.0, 7.0, 0.0, 4.0, 0.0, 22.0, 0.0, 8.0, 0.0, 16.0, 0.0, 8.0, 0.0, 10.0, 0.0, 3.0, 7.0, 0.0, 7.0, 0.0, 7.0, 0.0, 2.0, 0.0, 16.0, 0.0]",30.0,4.585858585858586,7.072510592499113,7.0,[],0.0,0.0,0.0,0.0,1.2472191289246473,6.666666666666667,7.0,7,10,0,10,0,-42,-42,-42,-42,-42,-42,-42,-42,-42,-42,1665610910.25,1665611013.0,1665611139.75,454.0,0.0,0.0,0.0,0.0,100,100.0,1
B,100,50,50,0.5,0.5,98.0,0.0,98.0,0.0,"[0.0, 6.0, 6.0, 6.0, 7.0, 6.0, 2.0, 5.0, 5.0, 6.0, 6.0, 6.0, 5.0, 2.0, 5.0, 6.0, 6.0, 7.0, 6.0, 0.0, 6.0, 7.0, 5.0, 6.0, 7.0, 0.0, 5.0, 7.0, 6.0, 6.0, 5.0, 4.0, 2.0, 6.0, 7.0, 7.0, 6.0, 5.0, 1.0, 6.0, 6.0, 6.0, 6.0, 7.0, 0.0, 6.0, 6.0, 6.0, 7.0]",7.0,5.142857142857143,2.030381486221699,6.0,"[0.0, 6.0, 6.0, 6.0, 7.0, 6.0, 2.0, 5.0, 5.0, 6.0, 6.0, 6.0, 5.0, 2.0, 5.0, 6.0, 6.0, 7.0, 6.0, 0.0, 6.0, 7.0, 5.0, 6.0, 7.0, 0.0, 5.0, 7.0, 6.0, 6.0, 5.0, 4.0, 2.0, 6.0, 7.0, 7.0, 6.0, 5.0, 1.0, 6.0, 6.0, 6.0, 6.0, 7.0, 0.0, 6.0, 6.0, 6.0, 7.0]",7.0,5.142857142857143,2.030381486221699,6.0,0.7888106377466155,3.3333333333333335,3.0,4,5,5,5,5,-98,98,-98,98,98,-98,98,-98,98,-98,1665610866.25,1665610929.5,1665610992.5,252.0,1665610866.25,1665610929.5,1665610992.5,252.0,2,1.1627906976744187,43
B,100,75,25,0.75,0.25,123.66666666666667,40.069384267237695,117.0,0.0,"[0.0, 1.0, 1.0, 0.0, 1.0, 1.0, 0.0, 1.0, 1.0, 0.0, 1.0, 1.0, 0.0, 1.0, 1.0, 0.0, 1.0, 1.0, 0.0, 1.0, 1.0, 0.0, 1.0, 1.0, 0.0, 1.0, 1.0, 0.0, 1.0, 1.0, 0.0, 1.0, 1.0, 0.0, 1.0, 1.0, 0.0, 1.0, 1.0, 0.0, 1.0, 1.0, 1.0, 1.0, 0.0, 1.0, 1.0, 0.0, 1.0, 1.0, 0.0, 1.0, 1.0, 0.0, 1.0, 1.0, 0.0, 1.0, 1.0, 0.0, 1.0, 1.0, 0.0, 1.0, 1.0, 0.0, 1.0, 1.0, 0.0, 1.0, 1.0, 0.0, 1.0, 1.0]",1.0,0.6756756756756757,0.4681218398834804,1.0,"[2.0, 2.0, 2.0, 2.0, 2.0, 2.0, 2.0, 2.0, 2.0, 2.0, 2.0, 2.0, 2.0, 2.0, 2.0, 2.0, 2.0, 2.0, 2.0, 2.0, 2.0, 2.0, 2.0, 2.0]",2.0,2.0,0.0,2.0,0.8944271909999159,5.0,5.0,6,8,2,8,2,-152,-67,117,-152,-152,-67,117,-152,-152,-67,1665611412.0,1665611424.0,1665611437.5,50.0,1665611412.0,1665611424.0,1665611436.0,48.0,3,2.8846153846153846,26
B,100,100,0,1.0,0.0,142.0,0.0,0.0,0.0,"[1.0, 1.0, 1.0, 1.0, 1.0, 1.0, 1.0, 1.0, 1.0, 1.0, 1.0, 1.0, 1.0, 1.0, 1.0, 1.0, 1.0, 1.0, 1.0, 1.0, 1.0, 1.0, 1.0, 1.0, 1.0, 1.0, 1.0, 2.0, 1.0, 1.0, 1.0, 1.0, 1.0, 1.0, 1.0, 1.0, 1.0, 1.0, 1.0, 1.0, 1.0, 1.0, 1.0, 1.0, 1.0, 1.0, 1.0, 1.0, 1.0, 1.0, 1.0, 1.0, 1.0, 1.0, 1.0, 1.0, 1.0, 1.0, 1.0, 1.0, 1.0, 1.0, 1.0, 1.0, 1.0, 1.0, 1.0, 1.0, 1.0, 2.0, 1.0, 1.0, 1.0, 1.0, 1.0, 1.0, 1.0, 1.0, 1.0, 1.0, 1.0, 1.0, 1.0, 1.0, 1.0, 1.0, 1.0, 1.0, 1.0, 1.0, 1.0, 1.0, 1.0, 1.0, 1.0, 1.0, 1.0, 1.0, 1.0]",2.0,1.02020202020202,0.14069079067862747,1.0,[],0.0,0.0,0.0,0.0,1.2472191289246473,6.666666666666667,7.0,7,10,0,10,0,-142,-142,-142,-142,-142,-142,-142,-142,-142,-142,1665611424.75,1665611450.5,1665611476.25,101.0,0.0,0.0,0.0,0.0,100,100.0,1
B,100,50,50,0.5,0.5,98.0,0.0,98.0,0.0,"[6.0, 7.0, 1.0, 6.0, 6.0, 6.0, 6.0, 5.0, 4.0, 3.0, 6.0, 7.0, 6.0, 5.0, 4.0, 3.0, 5.0, 6.0, 7.0, 6.0, 6.0, 0.0, 6.0, 6.0, 6.0, 6.0, 6.0, 2.0, 4.0, 6.0, 6.0, 7.0, 6.0, 4.0, 1.0, 7.0, 6.0, 6.0, 6.0, 6.0, 1.0, 4.0, 7.0, 6.0, 6.0, 7.0, 3.0, 3.0, 7.0]",7.0,5.142857142857143,1.7956864414252192,6.0,"[6.0, 7.0, 1.0, 6.0, 6.0, 6.0, 6.0, 5.0, 4.0, 3.0, 6.0, 7.0, 6.0, 5.0, 4.0, 3.0, 5.0, 6.0, 7.0, 6.0, 6.0, 0.0, 6.0, 6.0, 6.0, 6.0, 6.0, 2.0, 4.0, 6.0, 6.0, 7.0, 6.0, 4.0, 1.0, 7.0, 6.0, 6.0, 6.0, 6.0, 1.0, 4.0, 7.0, 6.0, 6.0, 7.0, 3.0, 3.0, 7.0]",7.0,5.142857142857143,1.7956864414252192,6.0,0.7888106377466155,3.3333333333333335,3.0,4,5,5,5,5,98,-98,98,-98,98,-98,-98,98,98,-98,1665611468.5,1665611530.0,1665611592.5,252.0,1665611468.5,1665611530.0,1665611592.5,252.0,2,1.1904761904761905,42
B,100,100,0,1.0,0.0,42.0,0.0,0.0,0.0,"[0.0, 0.0, 0.0, 1.0, 0.0, 18.0, 0.0, 8.0, 0.0, 0.0, 0.0, 9.0, 0.0, 4.0, 14.0, 0.0, 0.0, 0.0, 3.0, 0.0, 5.0, 0.0, 17.0, 0.0, 1.0, 0.0, 17.0, 0.0, 30.0, 0.0, 1.0, 0.0, 1.0, 0.0, 29.0, 0.0, 2.0, 15.0, 0.0, 4.0, 0.0, 10.0, 0.0, 30.0, 0.0, 5.0, 0.0, 4.0, 0.0, 22.0, 0.0, 23.0, 0.0, 4.0, 0.0, 3.0, 1.0, 0.0, 31.0, 0.0, 10.0, 0.0, 4.0, 0.0, 16.0, 0.0, 29.0, 0.0, 1.0, 0.0, 3.0, 0.0, 25.0, 10.0, 0.0, 10.0, 0.0, 4.0, 0.0, 27.0, 0.0, 13.0, 0.0, 3.0, 0.0, 25.0, 0.0, 16.0, 0.0, 2.0, 0.0, 10.0, 13.0, 0.0, 19.0, 0.0, 1.0, 0.0, 21.0]",31.0,5.797979797979798,8.946507470448108,10.0,[],0.0,0.0,0.0,0.0,1.2472191289246473,6.666666666666667,7.0,7,10,0,10,0,-42,-42,-42,-42,-42,-42,-42,-42,-42,-42,1665611495.75,1665611655.0,1665611826.0,574.0,0.0,0.0,0.0,0.0,100,100.0,1
B,100,75,25,0.75,0.25,123.66666666666667,40.069384267237695,117.0,0.0,"[1.0, 0.0, 1.0, 1.0, 0.0, 1.0, 1.0, 0.0, 1.0, 1.0, 0.0, 1.0, 1.0, 0.0, 1.0, 1.0, 0.0, 1.0, 1.0, 0.0, 1.0, 1.0, 0.0, 1.0, 1.0, 0.0, 1.0, 1.0, 0.0, 1.0, 1.0, 0.0, 1.0, 1.0, 0.0, 1.0, 1.0, 0.0, 2.0, 0.0, 1.0, 1.0, 0.0, 1.0, 1.0, 0.0, 1.0, 1.0, 0.0, 1.0, 1.0, 0.0, 1.0, 1.0, 0.0, 1.0, 1.0, 0.0, 1.0, 1.0, 0.0, 1.0, 1.0, 0.0, 1.0, 1.0, 0.0, 1.0, 1.0, 0.0, 1.0, 1.0, 0.0, 1.0]",2.0,0.6756756756756757,0.49615026353204916,1.0,"[2.0, 2.0, 2.0, 2.0, 2.0, 2.0, 2.0, 2.0, 2.0, 2.0, 2.0, 2.0, 2.0, 2.0, 2.0, 2.0, 2.0, 2.0, 2.0, 2.0, 2.0, 2.0, 2.0, 2.0]",2.0,2.0,0.0,2.0,0.8944271909999159,5.0,5.0,6,8,2,8,2,-152,-67,117,-152,-152,-67,117,-152,-152,-67,1665612012.5,1665612025.0,1665612037.5,50.0,1665612013.0,1665612025.0,1665612037.0,48.0,3,2.8846153846153846,26
B,100,100,0,1.0,0.0,142.0,0.0,0.0,0.0,"[1.0, 1.0, 1.0, 1.0, 1.0, 1.0, 1.0, 1.0, 1.0, 1.0, 1.0, 1.0, 1.0, 1.0, 1.0, 1.0, 1.0, 1.0, 1.0, 1.0, 1.0, 1.0, 1.0, 1.0, 1.0, 2.0, 1.0, 1.0, 1.0, 1.0, 1.0, 1.0, 1.0, 1.0, 1.0, 1.0, 1.0, 1.0, 1.0, 1.0, 1.0, 1.0, 1.0, 1.0, 1.0, 1.0, 1.0, 1.0, 1.0, 1.0, 1.0, 1.0, 1.0, 1.0, 1.0, 1.0, 1.0, 1.0, 1.0, 1.0, 1.0, 1.0, 1.0, 1.0, 1.0, 1.0, 2.0, 1.0, 1.0, 1.0, 1.0, 1.0, 1.0, 1.0, 1.0, 1.0, 1.0, 1.0, 1.0, 1.0, 1.0, 1.0, 1.0, 1.0, 1.0, 1.0, 1.0, 1.0, 1.0, 1.0, 1.0, 1.0, 1.0, 1.0, 1.0, 1.0, 1.0, 1.0, 1.0]",2.0,1.02020202020202,0.14069079067862747,1.0,[],0.0,0.0,0.0,0.0,1.2472191289246473,6.666666666666667,7.0,7,10,0,10,0,-142,-142,-142,-142,-142,-142,-142,-142,-142,-142,1665612024.75,1665612050.5,1665612076.25,101.0,0.0,0.0,0.0,0.0,100,100.0,1
B,100,50,50,0.5,0.5,98.0,0.0,98.0,0.0,"[6.0, 6.0, 7.0, 6.0, 1.0, 5.0, 6.0, 6.0, 7.0, 6.0, 3.0, 3.0, 6.0, 6.0, 6.0, 7.0, 4.0, 2.0, 6.0, 7.0, 6.0, 6.0, 6.0, 0.0, 6.0, 6.0, 6.0, 6.0, 7.0, 0.0, 6.0, 6.0, 6.0, 6.0, 6.0, 3.0, 4.0, 6.0, 5.0, 6.0, 6.0, 5.0, 1.0, 5.0, 6.0, 7.0, 6.0, 7.0, 1.0]",7.0,5.163265306122449,1.8881687357094494,6.0,"[6.0, 6.0, 7.0, 6.0, 1.0, 5.0, 6.0, 6.0, 7.0, 6.0, 3.0, 3.0, 6.0, 6.0, 6.0, 7.0, 4.0, 2.0, 6.0, 7.0, 6.0, 6.0, 6.0, 0.0, 6.0, 6.0, 6.0, 6.0, 7.0, 0.0, 6.0, 6.0, 6.0, 6.0, 6.0, 3.0, 4.0, 6.0, 5.0, 6.0, 6.0, 5.0, 1.0, 5.0, 6.0, 7.0, 6.0, 7.0, 1.0]",7.0,5.163265306122449,1.8881687357094494,6.0,0.7888106377466155,3.3333333333333335,3.0,4,5,5,5,5,98,-98,98,-98,98,-98,98,-98,98,-98,1665612068.5,1665612132.0,1665612196.0,253.0,1665612068.5,1665612132.0,1665612196.0,253.0,2,1.1904761904761905,42
B,100,100,0,1.0,0.0,42.0,0.0,0.0,0.0,"[0.0, 0.0, 0.0, 18.0, 0.0, 25.0, 0.0, 1.0, 0.0, 1.0, 13.0, 0.0, 28.0, 0.0, 2.0, 0.0, 16.0, 0.0, 6.0, 0.0, 19.0, 0.0, 3.0, 0.0, 14.0, 0.0, 6.0, 0.0, 2.0, 0.0, 2.0, 0.0, 9.0, 12.0, 0.0, 1.0, 0.0, 2.0, 0.0, 19.0, 0.0, 4.0, 0.0, 3.0, 0.0, 1.0, 0.0, 21.0, 0.0, 2.0, 0.0, 7.0, 0.0, 9.0, 0.0, 6.0, 0.0, 2.0, 0.0, 21.0, 0.0, 2.0, 0.0, 1.0, 0.0, 7.0, 8.0, 0.0, 8.0, 0.0, 1.0, 0.0, 4.0, 0.0, 20.0, 0.0, 0.0, 0.0, 10.0, 0.0, 4.0, 0.0, 10.0, 0.0, 1.0, 0.0, 15.0, 0.0, 9.0, 0.0, 1.0, 0.0, 11.0, 0.0, 18.0, 21.0, 0.0, 2.0, 0.0]",28.0,4.3232323232323235,6.850242615814484,6.5,[],0.0,0.0,0.0,0.0,1.2472191289246473,6.666666666666667,7.0,7,10,0,10,0,-42,-42,-42,-42,-42,-42,-42,-42,-42,-42,1665612154.5,1665612241.0,1665612323.0,428.0,0.0,0.0,0.0,0.0,100,100.0,1
B,100,75,25,0.75,0.25,123.66666666666667,40.069384267237695,117.0,0.0,"[1.0, 0.0, 1.0, 1.0, 0.0, 1.0, 1.0, 0.0, 1.0, 1.0, 0.0, 1.0, 1.0, 0.0, 1.0, 1.0, 0.0, 1.0, 1.0, 0.0, 1.0, 1.0, 0.0, 1.0, 1.0, 0.0, 1.0, 1.0, 0.0, 1.0, 1.0, 0.0, 1.0, 1.0, 1.0, 1.0, 0.0, 1.0, 1.0, 0.0, 1.0, 1.0, 0.0, 1.0, 1.0, 0.0, 1.0, 1.0, 0.0, 1.0, 1.0, 0.0, 1.0, 1.0, 0.0, 1.0, 1.0, 0.0, 1.0, 1.0, 0.0, 1.0, 1.0, 0.0, 1.0, 1.0, 0.0, 1.0, 1.0, 0.0, 1.0, 1.0, 0.0, 1.0]",1.0,0.6756756756756757,0.4681218398834804,1.0,"[2.0, 2.0, 2.0, 2.0, 2.0, 2.0, 2.0, 2.0, 2.0, 2.0, 2.0, 2.0, 2.0, 2.0, 2.0, 2.0, 2.0, 2.0, 2.0, 2.0, 2.0, 2.0, 2.0, 2.0]",2.0,2.0,0.0,2.0,0.8944271909999159,5.0,5.0,6,8,2,8,2,-152,-67,117,-152,-152,-67,117,-152,-152,-67,1665612612.5,1665612625.0,1665612637.5,50.0,1665612613.0,1665612625.0,1665612637.0,48.0,3,2.8846153846153846,26
B,100,100,0,1.0,0.0,142.0,0.0,0.0,0.0,"[1.0, 1.0, 1.0, 1.0, 1.0, 1.0, 1.0, 1.0, 1.0, 1.0, 1.0, 1.0, 1.0, 1.0, 1.0, 1.0, 1.0, 1.0, 1.0, 1.0, 1.0, 1.0, 2.0, 1.0, 1.0, 1.0, 1.0, 1.0, 1.0, 1.0, 1.0, 1.0, 1.0, 1.0, 1.0, 1.0, 1.0, 1.0, 1.0, 1.0, 1.0, 1.0, 1.0, 1.0, 1.0, 1.0, 1.0, 1.0, 1.0, 1.0, 1.0, 1.0, 1.0, 1.0, 1.0, 1.0, 1.0, 1.0, 1.0, 1.0, 1.0, 1.0, 1.0, 1.0, 2.0, 1.0, 1.0, 1.0, 1.0, 1.0, 1.0, 1.0, 1.0, 1.0, 1.0, 1.0, 1.0, 1.0, 1.0, 1.0, 1.0, 1.0, 1.0, 1.0, 1.0, 1.0, 1.0, 1.0, 1.0, 1.0, 1.0, 1.0, 1.0, 1.0, 1.0, 1.0, 1.0, 1.0, 1.0]",2.0,1.02020202020202,0.14069079067862747,1.0,[],0.0,0.0,0.0,0.0,1.2472191289246473,6.666666666666667,7.0,7,10,0,10,0,-142,-142,-142,-142,-142,-142,-142,-142,-142,-142,1665612625.75,1665612650.5,1665612676.25,101.0,0.0,0.0,0.0,0.0,100,100.0,1
B,100,50,50,0.5,0.5,98.0,0.0,98.0,0.0,"[6.0, 5.0, 1.0, 7.0, 6.0, 5.0, 7.0, 6.0, 1.0, 6.0, 6.0, 6.0, 6.0, 6.0, 1.0, 5.0, 6.0, 7.0, 6.0, 5.0, 4.0, 2.0, 6.0, 7.0, 6.0, 6.0, 5.0, 1.0, 6.0, 6.0, 5.0, 6.0, 6.0, 1.0, 6.0, 6.0, 6.0, 6.0, 6.0, 3.0, 4.0, 6.0, 7.0, 6.0, 6.0, 2.0, 4.0, 6.0, 6.0]",7.0,5.122448979591836,1.7569994489821128,6.0,"[6.0, 5.0, 1.0, 7.0, 6.0, 5.0, 7.0, 6.0, 1.0, 6.0, 6.0, 6.0, 6.0, 6.0, 1.0, 5.0, 6.0, 7.0, 6.0, 5.0, 4.0, 2.0, 6.0, 7.0, 6.0, 6.0, 5.0, 1.0, 6.0, 6.0, 5.0, 6.0, 6.0, 1.0, 6.0, 6.0, 6.0, 6.0, 6.0, 3.0, 4.0, 6.0, 7.0, 6.0, 6.0, 2.0, 4.0, 6.0, 6.0]",7.0,5.122448979591836,1.7569994489821128,6.0,0.7888106377466155,3.3333333333333335,3.0,4,5,5,5,5,98,-98,98,-98,-98,98,98,-98,98,-98,1665612668.5,1665612731.0,1665612792.5,251.0,1665612668.5,1665612731.0,1665612792.5,251.0,2,1.1904761904761905,42
B,100,100,0,1.0,0.0,42.0,0.0,0.0,0.0,"[0.0, 2.0, 0.0, 1.0, 0.0, 11.0, 37.0, 0.0, 0.0, 0.0, 4.0, 0.0, 45.0, 0.0, 3.0, 0.0, 4.0, 0.0, 27.0, 7.0, 0.0, 2.0, 0.0, 6.0, 0.0, 31.0, 0.0, 4.0, 0.0, 7.0, 0.0, 30.0, 0.0, 4.0, 0.0, 8.0, 0.0, 22.0, 6.0, 0.0, 5.0, 0.0, 9.0, 0.0, 26.0, 0.0, 3.0, 0.0, 3.0, 0.0, 10.0, 0.0, 24.0, 0.0, 7.0, 0.0, 11.0, 0.0, 16.0, 6.0, 0.0, 8.0, 0.0, 12.0, 0.0, 8.0, 0.0, 13.0, 0.0, 7.0, 0.0, 4.0, 0.0, 2.0, 0.0, 20.0, 0.0, 8.0, 0.0, 4.0, 0.0, 21.0, 0.0, 3.0, 0.0, 4.0, 6.0, 0.0, 18.0, 0.0, 1.0, 0.0, 15.0, 0.0, 12.0, 0.0, 6.0, 0.0, 3.0]",45.0,5.616161616161616,8.961992778380196,7.0,[],0.0,0.0,0.0,0.0,1.2472191289246473,6.666666666666667,7.0,7,10,0,10,0,-42,-42,-42,-42,-42,-42,-42,-42,-42,-42,1665612792.0,1665612950.0,1665613078.0,556.0,0.0,0.0,0.0,0.0,100,100.0,1
B,100,75,25,0.75,0.25,123.66666666666667,40.069384267237695,117.0,0.0,"[1.0, 0.0, 1.0, 1.0, 0.0, 1.0, 1.0, 0.0, 1.0, 1.0, 0.0, 1.0, 1.0, 0.0, 1.0, 1.0, 0.0, 1.0, 1.0, 0.0, 1.0, 1.0, 0.0, 1.0, 1.0, 0.0, 1.0, 1.0, 0.0, 2.0, 0.0, 1.0, 1.0, 0.0, 1.0, 1.0, 0.0, 1.0, 1.0, 0.0, 1.0, 1.0, 0.0, 1.0, 1.0, 0.0, 1.0, 1.0, 0.0, 1.0, 1.0, 0.0, 1.0, 1.0, 0.0, 1.0, 1.0, 0.0, 1.0, 1.0, 0.0, 1.0, 1.0, 0.0, 1.0, 1.0, 0.0, 1.0, 1.0, 0.0, 1.0, 1.0, 0.0, 1.0]",2.0,0.6756756756756757,0.49615026353204916,1.0,"[2.0, 2.0, 2.0, 2.0, 2.0, 2.0, 2.0, 2.0, 2.0, 2.0, 2.0, 2.0, 2.0, 2.0, 2.0, 2.0, 2.0, 2.0, 2.0, 2.0, 2.0, 2.0, 2.0, 2.0]",2.0,2.0,0.0,2.0,1.1547005383792515,5.0,5.0,6,8,2,7,3,-152,-152,-67,117,-152,-152,-67,117,-152,-152,1665613212.5,1665613225.0,1665613237.5,50.0,1665613213.0,1665613225.0,1665613237.0,48.0,3,2.8846153846153846,26
B,100,100,0,1.0,0.0,142.0,0.0,0.0,0.0,"[1.0, 1.0, 1.0, 1.0, 1.0, 1.0, 1.0, 1.0, 1.0, 1.0, 1.0, 1.0, 1.0, 1.0, 1.0, 1.0, 1.0, 1.0, 1.0, 2.0, 1.0, 1.0, 1.0, 1.0, 1.0, 1.0, 1.0, 1.0, 1.0, 1.0, 1.0, 1.0, 1.0, 1.0, 1.0, 1.0, 1.0, 1.0, 1.0, 1.0, 1.0, 1.0, 1.0, 1.0, 1.0, 1.0, 1.0, 1.0, 1.0, 1.0, 1.0, 1.0, 1.0, 1.0, 1.0, 1.0, 1.0, 1.0, 1.0, 1.0, 1.0, 2.0, 1.0, 1.0, 1.0, 1.0, 1.0, 1.0, 1.0, 1.0, 1.0, 1.0, 1.0, 1.0, 1.0, 1.0, 1.0, 1.0, 1.0, 1.0, 1.0, 1.0, 1.0, 1.0, 1.0, 1.0, 1.0, 1.0, 1.0, 1.0, 1.0, 1.0, 1.0, 1.0, 1.0, 1.0, 1.0, 1.0, 1.0]",2.0,1.02020202020202,0.14069079067862747,1.0,[],0.0,0.0,0.0,0.0,1.2472191289246473,6.666666666666667,7.0,7,10,0,10,0,-142,-142,-142,-142,-142,-142,-142,-142,-142,-142,1665613225.75,1665613250.5,1665613276.25,101.0,0.0,0.0,0.0,0.0,100,100.0,1
B,100,50,50,0.5,0.5,98.0,0.0,98.0,0.0,"[7.0, 5.0, 7.0, 6.0, 4.0, 2.0, 6.0, 6.0, 6.0, 6.0, 6.0, 1.0, 5.0, 6.0, 7.0, 5.0, 6.0, 3.0, 3.0, 6.0, 6.0, 6.0, 7.0, 5.0, 1.0, 6.0, 5.0, 6.0, 6.0, 6.0, 1.0, 4.0, 6.0, 6.0, 6.0, 6.0, 5.0, 0.0, 6.0, 6.0, 6.0, 6.0, 6.0, 0.0, 6.0, 6.0, 7.0, 6.0, 6.0]",7.0,5.142857142857143,1.8294640678379568,6.0,"[7.0, 5.0, 7.0, 6.0, 4.0, 2.0, 6.0, 6.0, 6.0, 6.0, 6.0, 1.0, 5.0, 6.0, 7.0, 5.0, 6.0, 3.0, 3.0, 6.0, 6.0, 6.0, 7.0, 5.0, 1.0, 6.0, 5.0, 6.0, 6.0, 6.0, 1.0, 4.0, 6.0, 6.0, 6.0, 6.0, 5.0, 0.0, 6.0, 6.0, 6.0, 6.0, 6.0, 0.0, 6.0, 6.0, 7.0, 6.0, 6.0]",7.0,5.142857142857143,1.8294640678379568,6.0,0.7888106377466155,3.3333333333333335,3.0,4,5,5,5,5,98,-98,98,-98,98,-98,98,-98,98,-98,1665613263.25,1665613327.5,1665613389.75,252.0,1665613263.25,1665613327.5,1665613389.75,252.0,2,1.1627906976744187,43
B,100,100,0,1.0,0.0,43.3,9.100000000000001,0.0,0.0,"[0.0, 6.0, 0.0, 13.0, 0.0, 13.0, 0.0, 2.0, 0.0, 12.0, 6.0, 0.0, 2.0, 0.0, 8.0, 0.0, 4.0, 0.0, 14.0, 4.0, 0.0, 0.0, 6.0, 0.0, 1.0, 0.0, 10.0, 0.0, 17.0, 0.0, 4.0, 0.0, 18.0, 0.0, 8.0, 0.0, 7.0, 0.0, 7.0, 0.0, 4.0, 11.0, 0.0, 3.0, 0.0, 21.0, 0.0, 3.0, 0.0, 16.0, 0.0, 1.0, 0.0, 13.0, 0.0, 6.0, 0.0, 21.0, 0.0, 2.0, 0.0, 16.0, 0.0, 7.0, 4.0, 0.0, 8.0, 0.0, 20.0, 0.0, 2.0, 0.0, 19.0, 0.0, 8.0, 0.0, 2.0, 0.0, 8.0, 0.0, 20.0, 0.0, 0.0, 0.0, 19.0, 0.0, 10.0, 0.0, 0.0, 8.0, 0.0, 3.0, 0.0, 18.0, 0.0, 0.0, 0.0, 22.0, 0.0]",22.0,4.616161616161616,6.512935180143351,8.0,[],0.0,0.0,0.0,0.0,1.2472191289246473,6.666666666666667,7.0,7,10,0,10,0,-42,-42,-42,-42,-42,-42,-42,-42,-42,-42,1665613302.75,1665613424.0,1665613553.0,457.0,0.0,0.0,0.0,0.0,100,100.0,1
B,100,0,11,0.0,0.11,0.0,0.0,87.0,0.0,[],0.0,0.0,0.0,0.0,"[0.0, 0.0, 0.0, 0.0, 0.0, 0.0, 0.0, 0.0, 0.0, 0.0]",0.0,0.0,0.0,0.0,0.0,0.0,0.0,0,0,10,0,0,87,87,87,87,87,87,87,87,87,87,0.0,0.0,0.0,0.0,1665613218.0,1665613218.0,1665613218.0,0.0,0,0.0,0
B,100,75,25,0.75,0.25,122.53333333333333,40.452221474502764,117.0,0.0,"[0.0, 1.0, 1.0, 0.0, 1.0, 1.0, 0.0, 1.0, 1.0, 0.0, 1.0, 1.0, 0.0, 1.0, 1.0, 0.0, 1.0, 1.0, 0.0, 1.0, 1.0, 0.0, 1.0, 1.0, 0.0, 1.0, 1.0, 1.0, 1.0, 0.0, 1.0, 1.0, 0.0, 1.0, 1.0, 0.0, 1.0, 1.0, 0.0, 1.0, 1.0, 0.0, 1.0, 1.0, 0.0, 1.0, 1.0, 0.0, 1.0, 1.0, 0.0, 1.0, 1.0, 0.0, 1.0, 1.0, 0.0, 1.0, 1.0, 0.0, 1.0, 1.0, 0.0, 1.0, 1.0, 0.0, 1.0, 1.0, 0.0, 1.0, 1.0, 0.0, 1.0, 1.0]",1.0,0.6756756756756757,0.4681218398834804,1.0,"[2.0, 2.0, 2.0, 2.0, 2.0, 2.0, 2.0, 2.0, 2.0, 2.0, 2.0, 2.0, 2.0, 2.0, 2.0, 2.0, 2.0, 2.0, 2.0, 2.0, 2.0, 2.0, 2.0, 2.0]",2.0,2.0,0.0,2.0,0.8944271909999159,5.0,5.0,6,7,3,8,2,-67,117,-152,-152,-67,117,-152,-152,-67,117,1665613812.0,1665613825.0,1665613837.5,50.0,1665613812.0,1665613824.0,1665613836.0,48.0,3,2.8846153846153846,26
B,100,100,0,1.0,0.0,142.0,0.0,0.0,0.0,"[1.0, 1.0, 1.0, 1.0, 1.0, 1.0, 1.0, 1.0, 1.0, 1.0, 1.0, 1.0, 1.0, 1.0, 1.0, 1.0, 1.0, 2.0, 1.0, 1.0, 1.0, 1.0, 1.0, 1.0, 1.0, 1.0, 1.0, 1.0, 1.0, 1.0, 1.0, 1.0, 1.0, 1.0, 1.0, 1.0, 1.0, 1.0, 1.0, 1.0, 1.0, 1.0, 1.0, 1.0, 1.0, 1.0, 1.0, 1.0, 1.0, 1.0, 1.0, 1.0, 1.0, 1.0, 1.0, 1.0, 1.0, 1.0, 2.0, 1.0, 1.0, 1.0, 1.0, 1.0, 1.0, 1.0, 1.0, 1.0, 1.0, 1.0, 1.0, 1.0, 1.0, 1.0, 1.0, 1.0, 1.0, 1.0, 1.0, 1.0, 1.0, 1.0, 1.0, 1.0, 1.0, 1.0, 1.0, 1.0, 1.0, 1.0, 1.0, 1.0, 1.0, 1.0, 1.0, 1.0, 1.0, 1.0, 1.0]",2.0,1.02020202020202,0.14069079067862747,1.0,[],0.0,0.0,0.0,0.0,1.2472191289246473,6.666666666666667,7.0,7,10,0,10,0,-142,-142,-142,-142,-142,-142,-142,-142,-142,-142,1665613825.75,1665613850.5,1665613876.25,101.0,0.0,0.0,0.0,0.0,100,100.0,1
B,100,50,50,0.5,0.5,98.0,0.0,98.0,0.0,"[5.0, 4.0, 2.0, 7.0, 6.0, 6.0, 6.0, 6.0, 0.0, 6.0, 7.0, 6.0, 6.0, 6.0, 2.0, 4.0, 7.0, 6.0, 7.0, 6.0, 1.0, 5.0, 7.0, 6.0, 6.0, 6.0, 2.0, 4.0, 6.0, 6.0, 6.0, 6.0, 5.0, 1.0, 7.0, 6.0, 6.0, 6.0, 5.0, 2.0, 5.0, 6.0, 5.0, 7.0, 6.0, 4.0, 2.0, 6.0, 6.0]",7.0,5.122448979591836,1.7915066406003872,6.0,"[5.0, 4.0, 2.0, 7.0, 6.0, 6.0, 6.0, 6.0, 0.0, 6.0, 7.0, 6.0, 6.0, 6.0, 2.0, 4.0, 7.0, 6.0, 7.0, 6.0, 1.0, 5.0, 7.0, 6.0, 6.0, 6.0, 2.0, 4.0, 6.0, 6.0, 6.0, 6.0, 5.0, 1.0, 7.0, 6.0, 6.0, 6.0, 5.0, 2.0, 5.0, 6.0, 5.0, 7.0, 6.0, 4.0, 2.0, 6.0, 6.0]",7.0,5.122448979591836,1.7915066406003872,6.0,0.7888106377466155,3.3333333333333335,3.0,4,5,5,5,5,98,-98,98,-98,-98,98,98,-98,98,-98,1665613863.5,1665613928.0,1665613990.5,251.0,1665613863.5,1665613928.0,1665613990.5,251.0,2,1.1904761904761905,42
B,100,100,0,1.0,0.0,42.0,0.0,0.0,0.0,"[0.0, 5.0, 0.0, 16.0, 0.0, 12.0, 0.0, 8.0, 0.0, 3.0, 0.0, 5.0, 11.0, 0.0, 3.0, 0.0, 19.0, 0.0, 7.0, 0.0, 14.0, 0.0, 20.0, 0.0, 8.0, 0.0, 20.0, 0.0, 7.0, 0.0, 11.0, 12.0, 0.0, 14.0, 0.0, 4.0, 0.0, 31.0, 0.0, 0.0, 0.0, 19.0, 0.0, 18.0, 0.0, 12.0, 0.0, 10.0, 8.0, 0.0, 6.0, 0.0, 12.0, 0.0, 2.0, 11.0, 0.0, 10.0, 0.0, 8.0, 0.0, 27.0, 0.0, 4.0, 0.0, 19.0, 0.0, 14.0, 0.0, 16.0, 0.0, 1.0, 0.0, 10.0, 9.0, 0.0, 3.0, 0.0, 2.0, 0.0, 12.0, 0.0, 9.0, 0.0, 4.0, 0.0, 14.0, 0.0, 4.0, 0.0, 2.0, 0.0, 4.0, 0.0, 20.0, 0.0, 5.0, 0.0, 0.0]",31.0,5.303030303030303,7.063141695820873,10.0,[],0.0,0.0,0.0,0.0,1.2472191289246473,6.666666666666667,7.0,7,10,0,10,0,-42,-42,-42,-42,-42,-42,-42,-42,-42,-42,1665613939.0,1665614107.0,1665614249.25,525.0,0.0,0.0,0.0,0.0,100,100.0,1
B,100,75,25,0.75,0.25,123.66666666666667,40.069384267237695,117.0,0.0,"[1.0, 0.0, 1.0, 1.0, 0.0, 1.0, 1.0, 0.0, 1.0, 1.0, 0.0, 1.0, 1.0, 0.0, 1.0, 1.0, 0.0, 1.0, 1.0, 0.0, 2.0, 0.0, 1.0, 1.0, 0.0, 1.0, 1.0, 0.0, 1.0, 1.0, 0.0, 1.0, 1.0, 0.0, 1.0, 1.0, 0.0, 1.0, 1.0, 0.0, 1.0, 1.0, 0.0, 1.0, 1.0, 0.0, 1.0, 1.0, 0.0, 1.0, 1.0, 0.0, 1.0, 1.0, 0.0, 1.0, 1.0, 0.0, 1.0, 1.0, 0.0, 1.0, 1.0, 0.0, 1.0, 1.0, 0.0, 1.0, 1.0, 0.0, 1.0, 1.0, 0.0, 1.0]",2.0,0.6756756756756757,0.49615026353204916,1.0,"[2.0, 2.0, 2.0, 2.0, 2.0, 2.0, 2.0, 2.0, 2.0, 2.0, 2.0, 2.0, 2.0, 2.0, 2.0, 2.0, 2.0, 2.0, 2.0, 2.0, 2.0, 2.0, 2.0, 2.0]",2.0,2.0,0.0,2.0,0.8944271909999159,5.0,5.0,6,8,2,8,2,-152,-67,117,-152,-152,-67,117,-152,-152,-67,1665614412.5,1665614425.0,1665614437.5,50.0,1665614413.0,1665614425.0,1665614437.0,48.0,3,2.8846153846153846,26
B,100,100,0,1.0,0.0,142.0,0.0,0.0,0.0,"[1.0, 1.0, 1.0, 1.0, 1.0, 1.0, 1.0, 1.0, 1.0, 1.0, 1.0, 1.0, 1.0, 2.0, 1.0, 1.0, 1.0, 1.0, 1.0, 1.0, 1.0, 1.0, 1.0, 1.0, 1.0, 1.0, 1.0, 1.0, 1.0, 1.0, 1.0, 1.0, 1.0, 1.0, 1.0, 1.0, 1.0, 1.0, 1.0, 1.0, 1.0, 1.0, 1.0, 1.0, 1.0, 1.0, 1.0, 1.0, 1.0, 1.0, 1.0, 1.0, 1.0, 1.0, 2.0, 1.0, 1.0, 1.0, 1.0, 1.0, 1.0, 1.0, 1.0, 1.0, 1.0, 1.0, 1.0, 1.0, 1.0, 1.0, 1.0, 1.0, 1.0, 1.0, 1.0, 1.0, 1.0, 1.0, 1.0, 1.0, 1.0, 1.0, 1.0, 1.0, 1.0, 1.0, 1.0, 1.0, 1.0, 1.0, 1.0, 1.0, 1.0, 1.0, 1.0, 1.0, 2.0, 1.0, 1.0]",2.0,1.0303030303030303,0.17141982574219336,1.0,[],0.0,0.0,0.0,0.0,1.2472191289246473,6.666666666666667,7.0,7,10,0,10,0,-142,-142,-142,-142,-142,-142,-142,-142,-142,-142,1665614425.75,1665614450.5,1665614476.25,102.0,0.0,0.0,0.0,0.0,100,100.0,1
B,100,100,0,1.0,0.0,42.28,2.7859648238985355,0.0,0.0,"[0.0, 1.0, 0.0, 4.0, 0.0, 14.0, 0.0, 8.0, 0.0, 3.0, 0.0, 2.0, 0.0, 21.0, 0.0, 2.0, 0.0, 4.0, 0.0, 5.0, 0.0, 13.0, 0.0, 2.0, 0.0, 6.0, 10.0, 0.0, 4.0, 0.0, 2.0, 0.0, 3.0, 0.0, 35.0, 0.0, 8.0, 0.0, 2.0, 0.0, 32.0, 0.0, 10.0, 0.0, 3.0, 0.0, 11.0, 18.0, 0.0, 14.0, 0.0, 2.0, 0.0, 24.0, 0.0, 18.0, 0.0, 3.0, 0.0, 20.0, 0.0, 21.0, 0.0, 0.0, 4.0, 0.0, 14.0, 2.0, 0.0, 24.0, 0.0, 5.0, 0.0, 12.0, 0.0, 27.0, 0.0, 6.0, 0.0, 8.0, 0.0, 18.0, 8.0, 0.0, 4.0, 0.0, 3.0, 0.0, 19.0, 0.0, 20.0, 0.0, 2.0, 0.0, 4.0, 0.0, 26.0, 0.0, 8.0]",35.0,5.444444444444445,8.241582448596544,8.0,[],0.0,0.0,0.0,0.0,1.2472191289246473,6.666666666666667,7.0,7,10,0,10,0,-42,-42,-42,-42,-42,-42,-42,-42,-42,-42,1665614482.0,1665614633.0,1665614789.0,539.0,0.0,0.0,0.0,0.0,100,100.0,1
B,100,50,50,0.5,0.5,98.0,0.0,98.0,0.0,"[1.0, 5.0, 6.0, 7.0, 6.0, 6.0, 3.0, 3.0, 7.0, 6.0, 6.0, 7.0, 4.0, 2.0, 6.0, 7.0, 5.0, 7.0, 6.0, 0.0, 6.0, 7.0, 5.0, 7.0, 5.0, 1.0, 6.0, 7.0, 6.0, 6.0, 6.0, 1.0, 6.0, 6.0, 6.0, 7.0, 6.0, 2.0, 4.0, 5.0, 7.0, 6.0, 6.0, 5.0, 2.0, 6.0, 6.0, 6.0, 6.0]",7.0,5.204081632653061,1.8624056402530342,6.0,"[1.0, 5.0, 6.0, 7.0, 6.0, 6.0, 3.0, 3.0, 7.0, 6.0, 6.0, 7.0, 4.0, 2.0, 6.0, 7.0, 5.0, 7.0, 6.0, 0.0, 6.0, 7.0, 5.0, 7.0, 5.0, 1.0, 6.0, 7.0, 6.0, 6.0, 6.0, 1.0, 6.0, 6.0, 6.0, 7.0, 6.0, 2.0, 4.0, 5.0, 7.0, 6.0, 6.0, 5.0, 2.0, 6.0, 6.0, 6.0, 6.0]",7.0,5.204081632653061,1.8624056402530342,6.0,0.7888106377466155,3.3333333333333335,3.0,4,5,5,5,5,98,-98,-98,98,98,-98,98,-98,98,-98,1665614469.0,1665614532.5,1665614597.5,255.0,1665614469.0,1665614532.5,1665614597.5,255.0,2,1.1904761904761905,42
B,100,75,25,0.75,0.25,123.66666666666667,40.069384267237695,117.0,0.0,"[1.0, 0.0, 1.0, 1.0, 0.0, 1.0, 1.0, 0.0, 1.0, 1.0, 0.0, 1.0, 1.0, 0.0, 1.0, 1.0, 1.0, 1.0, 0.0, 1.0, 1.0, 0.0, 1.0, 1.0, 0.0, 1.0, 1.0, 0.0, 1.0, 1.0, 0.0, 1.0, 1.0, 0.0, 1.0, 1.0, 0.0, 1.0, 1.0, 0.0, 1.0, 1.0, 0.0, 1.0, 1.0, 0.0, 1.0, 1.0, 0.0, 1.0, 1.0, 0.0, 1.0, 1.0, 0.0, 1.0, 1.0, 0.0, 1.0, 1.0, 0.0, 1.0, 1.0, 0.0, 1.0, 1.0, 0.0, 1.0, 1.0, 0.0, 1.0, 1.0, 0.0, 1.0]",1.0,0.6756756756756757,0.4681218398834804,1.0,"[2.0, 2.0, 2.0, 2.0, 2.0, 2.0, 2.0, 2.0, 2.0, 2.0, 2.0, 2.0, 2.0, 2.0, 2.0, 2.0, 2.0, 2.0, 2.0, 2.0, 2.0, 2.0, 2.0, 2.0]",2.0,2.0,0.0,2.0,0.8944271909999159,5.0,5.0,6,8,2,8,2,-152,-67,117,-152,-152,-67,117,-152,-152,-67,1665615013.0,1665615025.0,1665615037.5,50.0,1665615013.0,1665615025.0,1665615037.0,48.0,3,2.8846153846153846,26
B,100,100,0,1.0,0.0,142.0,0.0,0.0,0.0,"[1.0, 1.0, 1.0, 1.0, 1.0, 1.0, 1.0, 1.0, 1.0, 1.0, 2.0, 1.0, 1.0, 1.0, 1.0, 1.0, 1.0, 1.0, 1.0, 1.0, 1.0, 1.0, 1.0, 1.0, 1.0, 1.0, 1.0, 1.0, 1.0, 1.0, 1.0, 1.0, 1.0, 1.0, 1.0, 1.0, 1.0, 1.0, 1.0, 1.0, 1.0, 1.0, 1.0, 1.0, 1.0, 1.0, 1.0, 1.0, 1.0, 1.0, 1.0, 1.0, 2.0, 1.0, 1.0, 1.0, 1.0, 1.0, 1.0, 1.0, 1.0, 1.0, 1.0, 1.0, 1.0, 1.0, 1.0, 1.0, 1.0, 1.0, 1.0, 1.0, 1.0, 1.0, 1.0, 1.0, 1.0, 1.0, 1.0, 1.0, 1.0, 1.0, 1.0, 1.0, 1.0, 1.0, 1.0, 1.0, 1.0, 1.0, 1.0, 1.0, 1.0, 2.0, 1.0, 1.0, 1.0, 1.0, 1.0]",2.0,1.0303030303030303,0.17141982574219336,1.0,[],0.0,0.0,0.0,0.0,1.2472191289246473,6.666666666666667,7.0,7,10,0,10,0,-142,-142,-142,-142,-142,-142,-142,-142,-142,-142,1665615025.75,1665615050.5,1665615076.25,102.0,0.0,0.0,0.0,0.0,100,100.0,1
B,100,50,50,0.5,0.5,98.0,0.0,98.0,0.0,"[5.0, 7.0, 6.0, 6.0, 0.0, 6.0, 5.0, 6.0, 7.0, 6.0, 3.0, 3.0, 7.0, 6.0, 6.0, 6.0, 4.0, 2.0, 6.0, 7.0, 5.0, 7.0, 5.0, 1.0, 6.0, 6.0, 6.0, 5.0, 6.0, 4.0, 2.0, 6.0, 6.0, 6.0, 6.0, 5.0, 2.0, 6.0, 6.0, 5.0, 6.0, 7.0, 0.0, 6.0, 7.0, 6.0, 6.0, 6.0, 0.0]",7.0,5.081632653061225,1.914890466243249,6.0,"[5.0, 7.0, 6.0, 6.0, 0.0, 6.0, 5.0, 6.0, 7.0, 6.0, 3.0, 3.0, 7.0, 6.0, 6.0, 6.0, 4.0, 2.0, 6.0, 7.0, 5.0, 7.0, 5.0, 1.0, 6.0, 6.0, 6.0, 5.0, 6.0, 4.0, 2.0, 6.0, 6.0, 6.0, 6.0, 5.0, 2.0, 6.0, 6.0, 5.0, 6.0, 7.0, 0.0, 6.0, 7.0, 6.0, 6.0, 6.0, 0.0]",7.0,5.081632653061225,1.914890466243249,6.0,0.7888106377466155,3.3333333333333335,3.0,4,5,5,5,5,98,-98,98,-98,98,-98,98,-98,98,-98,1665615062.75,1665615126.0,1665615188.5,249.0,1665615062.75,1665615126.0,1665615188.5,249.0,2,1.1904761904761905,42
B,100,100,0,1.0,0.0,42.28,2.7859648238985355,0.0,0.0,"[5.0, 0.0, 10.0, 0.0, 3.0, 0.0, 14.0, 0.0, 25.0, 0.0, 2.0, 0.0, 0.0, 0.0, 21.0, 5.0, 0.0, 12.0, 0.0, 3.0, 0.0, 11.0, 0.0, 14.0, 0.0, 12.0, 0.0, 2.0, 0.0, 2.0, 0.0, 22.0, 0.0, 10.0, 0.0, 3.0, 0.0, 13.0, 0.0, 11.0, 9.0, 0.0, 1.0, 0.0, 5.0, 0.0, 2.0, 0.0, 26.0, 0.0, 0.0, 0.0, 2.0, 0.0, 8.0, 0.0, 16.0, 0.0, 8.0, 0.0, 3.0, 0.0, 16.0, 0.0, 11.0, 0.0, 4.0, 0.0, 4.0, 0.0, 5.0, 3.0, 0.0, 20.0, 0.0, 2.0, 0.0, 4.0, 0.0, 1.0, 0.0, 26.0, 0.0, 2.0, 0.0, 3.0, 0.0, 4.0, 0.0, 18.0, 0.0, 12.0, 0.0, 4.0, 0.0, 21.0, 6.0, 0.0, 3.0]",26.0,4.5353535353535355,6.828805789548887,5.5,[],0.0,0.0,0.0,0.0,1.2472191289246473,6.666666666666667,7.0,7,10,0,10,0,-70,-42,-42,-42,-42,-42,-42,-42,-42,-42,1665615134.0,1665615252.0,1665615352.0,449.0,0.0,0.0,0.0,0.0,100,100.0,1
B,100,100,0,1.0,0.0,45.54,14.011723662704735,0.0,0.0,"[0.0, 15.0, 0.0, 2.0, 0.0, 5.0, 0.0, 10.0, 0.0, 9.0, 0.0, 7.0, 0.0, 1.0, 0.0, 2.0, 0.0, 0.0, 0.0, 11.0, 0.0, 6.0, 0.0, 0.0, 0.0, 10.0, 0.0, 12.0, 3.0, 0.0, 2.0, 0.0, 10.0, 0.0, 13.0, 0.0, 3.0, 0.0, 9.0, 0.0, 0.0, 0.0, 27.0, 0.0, 10.0, 0.0, 2.0, 0.0, 1.0, 0.0, 25.0, 0.0, 9.0, 0.0, 6.0, 1.0, 0.0, 21.0, 0.0, 11.0, 0.0, 9.0, 0.0, 17.0, 0.0, 10.0, 0.0, 14.0, 0.0, 1.0, 0.0, 12.0, 0.0, 11.0, 0.0, 13.0, 1.0, 0.0, 3.0, 0.0, 8.0, 0.0, 13.0, 0.0, 20.0, 0.0, 4.0, 0.0, 12.0, 0.0, 2.0, 0.0, 23.0, 0.0, 0.0, 0.0, 13.0, 0.0, 21.0]",27.0,4.545454545454546,6.668594762505796,9.0,[],0.0,0.0,0.0,0.0,1.2472191289246473,6.666666666666667,7.0,7,10,0,10,0,-42,-42,-42,-42,-42,-42,-42,-42,-42,-42,1665615668.0,1665615770.0,1665615917.0,450.0,0.0,0.0,0.0,0.0,100,100.0,1
B,100,75,25,0.75,0.25,123.66666666666667,40.069384267237695,117.0,0.0,"[1.0, 0.0, 1.0, 1.0, 0.0, 1.0, 1.0, 0.0, 1.0, 1.0, 0.0, 2.0, 0.0, 1.0, 1.0, 0.0, 1.0, 1.0, 0.0, 1.0, 1.0, 0.0, 1.0, 1.0, 0.0, 1.0, 1.0, 0.0, 1.0, 1.0, 0.0, 1.0, 1.0, 0.0, 1.0, 1.0, 0.0, 1.0, 1.0, 0.0, 1.0, 1.0, 0.0, 1.0, 1.0, 0.0, 1.0, 1.0, 0.0, 1.0, 1.0, 0.0, 1.0, 1.0, 0.0, 1.0, 1.0, 0.0, 1.0, 1.0, 0.0, 1.0, 1.0, 0.0, 1.0, 1.0, 0.0, 1.0, 1.0, 0.0, 1.0, 1.0, 0.0, 1.0]",2.0,0.6756756756756757,0.49615026353204916,1.0,"[2.0, 2.0, 2.0, 2.0, 2.0, 2.0, 2.0, 2.0, 2.0, 2.0, 2.0, 2.0, 2.0, 2.0, 2.0, 2.0, 2.0, 2.0, 2.0, 2.0, 2.0, 2.0, 2.0, 2.0]",2.0,2.0,0.0,2.0,0.8944271909999159,5.0,5.0,6,8,2,8,2,-152,-67,117,-152,-152,-67,117,-152,-152,-67,1665615613.0,1665615625.0,1665615637.5,50.0,1665615613.0,1665615625.0,1665615637.0,48.0,3,2.8846153846153846,26
B,100,100,0,1.0,0.0,142.0,0.0,0.0,0.0,"[1.0, 1.0, 1.0, 1.0, 1.0, 1.0, 1.0, 2.0, 1.0, 1.0, 1.0, 1.0, 1.0, 1.0, 1.0, 1.0, 1.0, 1.0, 1.0, 1.0, 1.0, 1.0, 1.0, 1.0, 1.0, 1.0, 1.0, 1.0, 1.0, 1.0, 1.0, 1.0, 1.0, 1.0, 1.0, 1.0, 1.0, 1.0, 1.0, 1.0, 1.0, 1.0, 1.0, 1.0, 1.0, 1.0, 1.0, 1.0, 1.0, 2.0, 1.0, 1.0, 1.0, 1.0, 1.0, 1.0, 1.0, 1.0, 1.0, 1.0, 1.0, 1.0, 1.0, 1.0, 1.0, 1.0, 1.0, 1.0, 1.0, 1.0, 1.0, 1.0, 1.0, 1.0, 1.0, 1.0, 1.0, 1.0, 1.0, 1.0, 1.0, 1.0, 1.0, 1.0, 1.0, 1.0, 1.0, 1.0, 1.0, 1.0, 1.0, 2.0, 1.0, 1.0, 1.0, 1.0, 1.0, 1.0, 1.0]",2.0,1.0303030303030303,0.17141982574219336,1.0,[],0.0,0.0,0.0,0.0,1.2472191289246473,6.666666666666667,7.0,7,10,0,10,0,-142,-142,-142,-142,-142,-142,-142,-142,-142,-142,1665615625.75,1665615651.0,1665615676.25,102.0,0.0,0.0,0.0,0.0,100,100.0,1
B,100,50,50,0.5,0.5,98.0,0.0,98.0,0.0,"[1.0, 7.0, 6.0, 7.0, 6.0, 4.0, 2.0, 7.0, 5.0, 6.0, 6.0, 5.0, 1.0, 6.0, 7.0, 6.0, 6.0, 6.0, 1.0, 5.0, 6.0, 7.0, 6.0, 6.0, 0.0, 5.0, 7.0, 7.0, 6.0, 6.0, 2.0, 4.0, 6.0, 5.0, 6.0, 6.0, 6.0, 0.0, 6.0, 6.0, 7.0, 5.0, 6.0, 3.0, 3.0, 6.0, 6.0, 6.0, 6.0]",7.0,5.122448979591836,1.9233543515646387,6.0,"[1.0, 7.0, 6.0, 7.0, 6.0, 4.0, 2.0, 7.0, 5.0, 6.0, 6.0, 5.0, 1.0, 6.0, 7.0, 6.0, 6.0, 6.0, 1.0, 5.0, 6.0, 7.0, 6.0, 6.0, 0.0, 5.0, 7.0, 7.0, 6.0, 6.0, 2.0, 4.0, 6.0, 5.0, 6.0, 6.0, 6.0, 0.0, 6.0, 6.0, 7.0, 5.0, 6.0, 3.0, 3.0, 6.0, 6.0, 6.0, 6.0]",7.0,5.122448979591836,1.9233543515646387,6.0,0.7888106377466155,3.3333333333333335,3.0,4,5,5,5,5,-98,98,98,-98,98,-98,98,-98,98,-98,1665615662.25,1665615725.0,1665615789.5,251.0,1665615662.25,1665615725.0,1665615789.5,251.0,2,1.1627906976744187,43
B,100,0,33,0.0,0.33,0.0,0.0,81.0,0.0,[],0.0,0.0,0.0,0.0,"[1.0, 2.0, -3.0, 1.0, 2.0, -3.0, 1.0, 2.0, -3.0, 1.0, 2.0, -3.0, 1.0, 2.0, -3.0, 1.0, 2.0, -3.0, 1.0, 2.0, -3.0, 1.0, 2.0, -3.0, 1.0, 2.0, -3.0, 1.0, 2.0, -3.0, 1.0, 2.0]",2.0,0.09375,2.1266078476061354,2.0,0.0,0.0,0.0,0,0,10,0,0,81,81,81,81,81,81,81,81,81,81,0.0,0.0,0.0,0.0,1665615648.0,1665615649.0,1665615651.0,3.0,0,0.0,0
B,100,75,25,0.75,0.25,122.53333333333333,40.452221474502764,117.0,0.0,"[0.0, 1.0, 1.0, 0.0, 1.0, 1.0, 0.0, 2.0, 0.0, 1.0, 1.0, 0.0, 1.0, 1.0, 0.0, 1.0, 1.0, 0.0, 1.0, 1.0, 0.0, 1.0, 1.0, 0.0, 1.0, 1.0, 0.0, 1.0, 1.0, 0.0, 1.0, 1.0, 0.0, 1.0, 1.0, 0.0, 1.0, 1.0, 0.0, 1.0, 1.0, 0.0, 1.0, 1.0, 0.0, 1.0, 1.0, 0.0, 1.0, 1.0, 0.0, 1.0, 1.0, 0.0, 1.0, 1.0, 0.0, 1.0, 1.0, 0.0, 1.0, 1.0, 0.0, 1.0, 1.0, 0.0, 1.0, 1.0, 0.0, 1.0, 1.0, 1.0, 1.0, 0.0]",2.0,0.6756756756756757,0.49615026353204916,1.0,"[2.0, 2.0, 2.0, 2.0, 2.0, 2.0, 2.0, 2.0, 2.0, 2.0, 2.0, 2.0, 2.0, 2.0, 2.0, 2.0, 2.0, 2.0, 2.0, 2.0, 2.0, 2.0, 2.0, 2.0]",2.0,2.0,0.0,2.0,0.8944271909999159,5.0,5.0,6,7,3,8,2,-67,117,-152,-152,-67,117,-152,-152,-67,117,1665616212.5,1665616225.0,1665616237.5,50.0,1665616212.0,1665616224.0,1665616236.0,48.0,3,2.8846153846153846,26
